Record 1
LDR  01270aam  2200349 a 45  
001  ocm44268215 
003  OCoLC
005  20020321125013.0
008  990720s1998    ru       b    001 0 ruso 
010       $a    99228274 
040       $a DLC $c DLC $d CRL
020       $a 5201147445
043       $a e-ur---
050  00   $a HC335.6 $b .P67 1998
099       $a R-35414
049       $a CRLL
245  00   $a Poslevoennaëiìa konversiëiìa : $b k istorii "kholodnoæi voæiny" : sbornik
260       $a Moskva : $b Rossiæiskaëiìa akademiëiìa nauk, In-t rossiæiskoæi istorii, $c 1998.
300       $a 242 p. ; $c 20 cm.
500       $a REC ID IS IN 001 FLD - DROP "ocm" IN POS 1-3 & OUTPUT NUMERICS IN POS 4-11 TO OUTPUT 901 $b (04/02).
500       $a DROP ALL INPUT 9XX FLDS.
504       $a Includes bibliographical references and index.
650   0   $a Economic conversion $z Soviet Union $x History $v Sources.
650   0   $a Cold War $x History $v Sources.
651   0   $a Soviet Union $x Economic policy $y 1942-1945.
651   0   $a Soviet Union $x Economic policy $y 1946-1950.
700  1    $a Molodëtìsygin, M. A. $q (Mark Andreevich)
710  2    $a Institut rossiæiskoæi istorii (Rossiæiskaëiìa akademiëiìa nauk)
901       $a 901 FLD (DROP)
949       $a OM $b om
949       $a *recs=b;dflt=crlm;ov=o;i=;ins=olm;
994       $a 02 $b CRL

Record 2
