LDR  00942nam  2200253Ka 45  
001  ocm49335746 
003  OCoLC
005  20020318105745.0
008  020318s1993    enk     a     000 0 eng d
040       $a CRL $c CRL
099       $a P-80000439
049       $a [ff]CRLL $a [**]CRLA[Thesis][Collection]
100  1    $a Lucas, Rory C. M.
245  14   $a The evolution of monastic liturgy in Northern Britain before 1153 $h [microform] / $c Rory C. M. Lucas.
260       $c 1993.
300       $a 1 microfilm reel ; $c 35 mm.
500       $a CRL: 1ST 049 $a HAS CALL NUM PREFIX - OUTPUT TO 852 $k IN 1ST 852 (04/02).
500       $a 2ND 049 $a HAS CALL NUM PREFIX & SUFFIX - OUTPUT PREFIX TO 852 $k AND SUFFIX TO 852 $m IN 2ND 852.
502       $a Thesis (doctoral)--University of Edinburgh, 1993.
653       $a monastic liturgy, Northumbria
653       $a liturgics
949       $a XL $b xl
949       $a *recs=b;dflt=crlm;bn=diss;ov=.b14011700;i=/loc=diss;ins=leix;
994       $a 02 $b CRL

Record 3
