LDR  00866nam  2200253Ka 45  
001  ocm49335747 
003  OCoLC
005  20020318105746.0
008  020318s1986    enk     a     000 0 eng d
040       $a CRL $c CRL
099       $a P-80000440
049       $a NPWA
100  1    $a Ayres, Jose Marcio Correa.
245  10   $a Uakaris and Amazonian flooded forests $h [microform] / $c Jose Marcio Correa Ayres.
260       $c 1986.
300       $a 1 microfilm reel ; $c 35 mm.
500       $a CRL: 994 IS "NPW" - OUTPUT "CRL" IN 901 $a & 852 $a; DROP "ocm" FROM RECORD ID IN 001 & OUTPUT NUMERICS IN 901 $b. (04/02).
502       $a Thesis (doctoral)--University of Cambridge, UK, 1986.
653       $a Uakari monkeys, the Amazon River basin
653       $a Uakaris
653       $a ecology
949       $a XL $b xl
949       $a *recs=b;dflt=crlm;bn=diss;ov=.b14154055;i=/loc=diss;ins=leix;
994       $a 02 $b NPW

Record 4
