LDR  01146nam  22003014a 45  
001  ocm49289746 
003  OCoLC
005  20020318105746.0
007  he bmb026baca
008  020311s1997    xx a    bb    000 0 eng c
040       $a COO $c COO $d CRL
042       $a pcc
050   4   $a DS589.B2 $b B37 1997a
090       $a DS589 $b .B2
049       $a CRLL
100  1    $a Barmâe, Scot.
245  10   $a Towards a social history of Bangkok $h [microform] : $b gender, class and popular culture in the Siamese capital, 1905-1940 / $c Scot Barmâe.
260       $c [1997]
300       $a 3 microfiches.
500       $a CRL MONO: REC HAS 050, 090, BUT NO 099 - DO NOT OUTPUT ANY CALL NUM (04/02).
502       $a Thesis (Ph. D.)--Australian National University, Nov., 1997.
504       $a Includes bibliographical references (p. 234-242).
533       $a Microfiche. $b [Canberra?] : $c HPA for Australian National University, $d 2001. $e 3 microfiches : negative.
651   0   $a Bangkok (Thailand) $x History $y 20th century.
651   0   $a Bangkok (Thailand) $x Social life and customs.
949       $a XL $b xl
949       $a *recs=b;dflt=crlm;bn=diss;ov=.b15379036;i=/loc=diss;ins=leix;
994       $a 02 $b CRL

Record 5
