LDR  00826nam  2200229Ka 45  
001  ocm49337532 
003  OCoLC
005  20020318142211.0
008  020318s2001    gw            000 0 ger d
040       $a CRL $c CRL
099       $a Z7401 (1ST 099 $a) $a Slav. (2nd $a) $c Ref. (099$c)
049       $a CRLL,CRLA,CRLB
100  1    $a Caro, Wolfgang Christopher.
245  14   $a Die Entwicklung der Orthopèadie als akademisches Lehrfach an der Universitèat Mèunchen unter besonderer Berèucksichtigung des Wirkens / $c Wolfgang Christopher Caro.
260       $c 2001.
300       $a 176 p.
500       $a CALL NUM IN 099 HAS 2 $a'S, 1 $c - CONCATENATE & OUTPUT TO SINGLE 852 $j FOR ALL 852'S (04/02).
502       $a Thesis (doctoral)--, .
653       $a x
949       $a XL $b xl
949       $a *recs=b;dflt=crlm;bn=diss;ov=o;i=/loc=diss;ins=leix;
994       $a 02 $b CRL

Record 6
