LDR  00836cas  2200301 a 45  
001  ocm40669508 
003  OCoLC
005  20020318111954.0
008  990125c199u9999pk br p       0    0eng  
010       $a    98930669 
040       $a DLC $c DLC $d OCL $d CRL
012       $i 9903
042       $a lc
043       $a a-pk---
050  00   $a HD7361.5.K37 $b S54
099       $a P-80000440
049       $a CRLL
130  0    $a Shelter (Karachi, Pakistan)
245  00   $a Shelter : $b an ABAD publication.
260       $a Karachi : $b Archi Times,
300       $a v. ; $c 28 cm.
310       $a Bimonthly
500       $a CRL: SERIALS RECORD - DO NOT OUTPUT ANY CALL NUM  (04/02).
650   0   $a Homeless persons $x Housing $z Pakistan $z Karachi $v Periodicals.
650   0   $a Low-income housing $z Pakistan $v Periodicals.
710  2    $a ABAD (Association)
850       $a DLC
994       $a 02 $b CRL

Record 7
