LDR  01043cXX  22002775a 45  
001  ocm44149945 
003  OCoLC
010       $a    99956379 
040       $a DLC $c DLC $d CRL
012       $a 3 $i 0006
025       $a B-99-956379-S
037       $b Room 401, Lecture Theatre, University of Dhaka, Dhaka-1000, Bangladesh
042       $a lc
050  00   $a IN PROCESS
049       $a XXXX
130  0    $a Prabandhåabalåi (University of Dhaka. Centre for Advanced Research in Social Science)
260       $a òDhåakåa : $b Uccatara Såamåajika Bijänåana Gabeshaònåa Kendra, òDhåakåa Biâsvabidyåalaçya,
300       $a v. ; $c 22 cm.
362  1    $a Began with khaònòda 1 (1987).
500       $a 994 $a = "03", DELETE RECORD - OUTPUT STATUS AS "d" (04/02).
500       $a REC HAS NO 005, NO 245, UNKNOWN TYPE, UNKNOWN BIBLVL, UNKNOWN LOC CODE - DO NOT CREATE ANY 998 FLDS IN A DELETE.
500       $a USE FILEDATE PARM TO CREATE OUTPUT 005 FLD.
546       $a In Bengali.
710  2    $a University of Dhaka. $b Centre for Advanced Research in Social Science.
850       $a DLC
994       $a 03 $b CRL

Record 8
