LDR  01204nas  22003497a 45  
001  ocm36703753 
003  OCoLC
005  20020318112203.0
008  970408c19949999ii fr p      s0    0hino 
010       $a    96904008 
040       $a DLC $c DLC $d CRL
012       $a 5 $i 9608
025       $a I-E-H-96-904008; 21
037       $b Himåacala Pradeâsa Vidhåana Sabhåa Sacivåalaya-171004
042       $a lcd
043       $a a-ii---
050  10   $a NOT IN LC
245  00   $a Vidhåana måalåa / $c Himåacala Pradeâsa Vidhåana Sabhåa.
246  14   $a Vidhåanamåalåa
260       $a [âSimalåa] : $b Himåacala Pradeâsa Vidhåana Sabhåa Sacivåalaya, $c 1994-
300       $a v. ; $c 25 cm.
310       $a Semiannual
362  0    $a Açnka 1 (Janavaråi-Jåuna 1994)-
500       $a 994 $a = "93", DELETE RECORD - OUTPUT STATUS AS "d" (04/02).
500       $a DELETE REC HAS NO OUTPUT 852 (NO LOC CODE) - DO NOT CREATE 998 FLD.
515       $a Açnka 1 called also âsishòtåacåara viâseshåaçnka.
520       $a On the legislative assembly of Himachal Pradesh.
546       $a In Hindi.
610  10   $a Himachal Pradesh (India). $b Vidhan Sabha $x Periodicals.
710  1    $a Himachal Pradesh (India). $b Vidhan Sabha. $b Sacivåalaya.
850       $a DLC
994       $a 93 $b CRL

Record 9
