LDR  01046cas  2200337 a 45  
001  ocm37715640 
003  OCoLC
005  20020318113810.0
008  971001c19uu9999ii ar p      s0    0kano 
010       $a    97901482 
040       $a DLC $c DLC $d CRL
012       $a 3 $i 9807
025       $a I-E-Kan-97-901482; 12
037       $b Karnåaòtaka Såahitya Akåaòdemi, Nôrpatuçnga Raste, Beçngaòlåuru-560002, India
042       $a lc
043       $a a-ii---
050  00   $a PL4650 $b .A47
049       $a CRLL $a CRLB $a CRLS
245  00   $a Vimarâse.
246  14   $a Såahitya vimarâse
260       $a Beçngaòlåuru : $b Karnåaòtaka Såahitya Akåaòdemi,
300       $a v. ; $c 19 cm.
310       $a Annual
500       $a DO NOT OUTPUT 590 FIELD; DATA MAY BE OUTPUT ELSEWHERE IN THE RECORD (04/02).
520       $a Articles on Kannada literature.
590       $a FLD 590.
650   0   $a Kannada literature $x History and criticism $x Periodicals.
710  2    $a Karnåaòtaka Såahitya Akåaòdemi.
780  00   $t Såahitya vimarâse $w (DLC)   89812776 $w (OCoLC)22761507
850       $a DLC
994       $a 02 $b CRL

Record 10
