LDR  01100cas  2200337 a 45  
001  ocm18999217 
003  OCoLC
005  20020318114751.0
008  890110c198u9999ii fr p       0   z0urdod
010       $a    88912786 
040       $a GZM $c GZM $d DLC $d CRL
012       $a 4 $i 8907
025       $a 1-E-U-26
042       $a lc
050  00   $a BP130 $b .U46
049       $a [ff]CRLS,CRLL[Ref.],[DUP LOC]CRLL,CRLA[Folio],CRLA[DUP LOC]
245  00   $a °Ulåumulqur®åan : $b Idåarah-yi °Ulåumulqur®åan kåa tarjumåan.
246  10   $a Biannual °Uloom-ul-Qur®an
246  13   $a Bi-annual °Uloom-ul-Qur®an
246  15   $a Uloom-ul-Qur®an
260       $a °Alåigarh : $b Idåarah-yi °Ulåumulqur®åan,
265       $a Post Box 99, Sir Syed Nagar, Aligarh-202002, India
300       $a v. ; $c 22 cm.
310       $a Semiannual
500       $a 5 LOC CODES (3 UNIQUE, 2 DUPS) IN SINGLE 049 $a - REMOVE BRACKETED PREFIXES & SUFFIXES FOR OUTPUT ELSEWHERE, OUTPUT 3 852 FIELDS (04/02).
546       $a In Urdu.
630  00   $a Koran $x Periodicals.
650   0   $a Islam $x Periodicals.
710  2    $a Idåarah-yi °Ulåumulqur®åan.
850       $a DLC
994       $a 02 $b CRL

Record 11
