LDR  01459cas  2200421 a 45  
001  ocm02043565 
003  OCoLC
005  20020318114953.0
008  760311d19561991ru mrzp      f0   c0rusod
010       $a    59018354  $z sn 87018191 
040       $a COO $c COO $d MUL $d OCL $d FUG $d AIP $d HUL $d NST $d NSD $d DLC $d PIT $d IUL $d DLC $d CRL
012       $i 8702
019       $a 2267883
022       $a 0037-8216 $y 0132-1552 $y 0584-150X
042       $a lc $a nsdp
043       $a e-ur---
050  00   $a HD4811 $b .S65
099       $a Hd Cpy
049       $a CRLS $a CRLA
210  0    $a Social. trud
222   0   $a Socialistiéceskij trud
245  00   $a Soëtìsialisticheskiæi trud : $b ezhemesëiìachnyæi zhurnal Gosudarstvennogo komiteta Soveta ministrov SSSR po voprosam truda i zarabotnoæi platy.
260       $a Moskva : $b Komitet, $c    -1991.
300       $a 35 v. : $b ill. ; $c 26 cm.
310       $a Monthly
362  1    $a Began in 1956.
362  0    $a -91, 12.
500       $a CRL: 1ST 590 BEGINS "CENTER HAS:", THERE IS NO 2ND 590 - DO NOT OUTPUT 852 $3. (04/02).
510  2    $a International labour documentation $x 0020-7756
515       $a Issues numbered 1-12 within each year.
590       $a Center has:
650   0   $a Working class $z Soviet Union $v Periodicals.
650   0   $a Wages $z Soviet Union $v Periodicals.
785  00   $t Chelovek i trud $w (DLC)   94646704 $w (OCoLC)25701750
850       $a CSt-H $a DLC $a InU $a MH-R $a PPiU
949       $a SD $b sd
949       $a *recs=b;dflt=crls;ov=o;i=;ins=smd;
994       $a 02 $b CRL

Record 12
