LDR  01696cas  2200409 a 45  
001  ocm04704571 
003  OCoLC
005  20020318115315.0
008  790301d19451991ru mr p       0   c0rusod
010       $a    51036950 
040       $a UIU $c UIU $d IUL $d NSD $d DLC $d IUL $d DLC $d CRL
012       $a 3 $c - $i 9211
022       $a 0132-2028
042       $a lc
050  00   $a AP50 $b .S6
092       $a 057 $b SOVWZ
099       $a Hd Cpy
049       $a CRLS $a CRLB
245  00   $a Sovetskaëiìa zhenshchina.
260       $a Moskva : $b Sovetskaëiìa zhenshchina, $c 1945-91.
300       $a v. : $b ill. ; $c 30 cm.
310       $a Monthly, $b 1954-91
321       $a Bimonthly, $b 1945-53
500       $a CRL SERIAL: 1ST 590 BEGINS "CENTER HAS:", 2ND & 3RD 590 CONTAIN HOLDINGS - OUTPUT 2ND & 3RD 590'S TO 852 $3 OF 1ST 852, CONCATENATING THE 2 FLDS, SEPARATED BY "+++". (04/02).
525       $a Supplements accompany some issues.
550       $a Organ of Antifashistskiæi komitet sovetskikh zhenshchin and of Vsesoëiì
580       $a Issued also in Arabic, Bengali, Chinese, English, French, German, Hindi, Hungarian, Japanese, Korean, and Spanish.
590       $a Center has:
590       $a F-3857   1954, no. 6-12; 1955-1956; 1957, no. 7-12; 1958, no. 1-11; 1959, no. 1-6; 1960, no. 11-12; 1961, no. 3-12; 1962-1966
590       $a F-1721   1967; 1968, no. 1-8; 1969-1972; 1973, no. 1-2, 4-12; 1974; 1976, no. 2-11
650   0   $a Women's periodicals, Russian.
710  2    $a Antifashistskiæi komitet sovetskikh zhenshchin.
767  1    $t Sovetskaëiìa zhenshchina.  English $x 0201-6982 $w (DLC)   52038741 $w (OCoLC)1606325
785  00   $t Mir zhenshchiny $w (DLC)   92645587 $w (OCoLC)25585873
850       $a DLC $a InU
949       $a SD $b sd
994       $a 02 $b CRL

Record 13
