LDR  00955nam  2200241Ia 45  
001  ocm49336276 
003  OCoLC
005  20020318115935.0
008  020318s1961    lv            000 0 rus d
040       $a CRL $c CRL
099       $a AS266. Slav. Ref.
049       $a [**]CRLL[1ST LOC] $a CRLB $a CRLS $a [DUP LOC]CRLB
100  1    $a ëIìAkobson, M. A.
245  10   $a Bibliografiëiìa dissertaëtìsiæi, zashchishchennykh v Latviæiskoæi SSR /
260       $a Riga : $b [s.n.], $c 1961.
300       $a 7 p. ; $c 26 cm.
500       $a 4 LOC CODES (3 UNIQUE, 1 DUP) IN MULT. $a'S IN 049 FIELD - REMOVE BRACKETED PREFIXES/SUFFIXES FOR OUTPUT ELSEWHERE, OUTPUT 3 852 FLDS (04/02).
500       $a "Prilozhenie k zhurnaly 'Izvestiëiìa AN Latviæiskoæi SSR' 1961, no 1."
650   0   $a Dissertations, Academic $z Latvia $v Bibliography.
730  0    $a Latvijas PSR Zinåat÷nu akadåemijas våestis. $n 1961, no 1 (Supplement)
949       $a SD $b sd
949       $a *recs=b;dflt=crlm;ov=o;i=;ins=smd;
994       $a 02 $b CRL

Record 14
