LDR  00616cam  2200193Ia 45  
001  ocm49336276 
003  OCoLC
005  20020318120119.0
008  020318s1961    lv       b    000 0 rus d
040       $a CRL $c CRL
049       $a CRLL
100  1    $a ëIìAkobson, M. A.
245  10   $a Bibliografiëiìa dissertaëtìsiæi, zashchishchennykh v Latviæiskoæi SSR /
260       $a Riga : $b [s.n.], $c 1961.
300       $a 7 p. ; $c 26 cm.
500       $a 994 $a = "11" - REJECT RECORD (04/02).
650   0   $a Dissertations, Academic $z Latvia $v Bibliography.
730  0    $a Latvijas PSR Zinåat÷nu akadåemijas våestis. $n 1961, no 1 (Supplement)
994       $a 11 $b CRL

Record 15
