LDR  01171cas  2200289 a 45  
001  ocm43847870 
003  OCoLC
005  20020318120805.0
008  000413c19979999ru  x         0   c0rusod
010       $a   2002225016
040       $a CUS $c CUS $d CRL
042       $a lcd
090       $a HQ1075 $b .G4665
049       $a [***]CRLL,Crlb,[DUP LOC]crll[ff],CRLB[DUP LOC],CRLl[dup loc]
245  00   $a Gendernye tetradi.
260       $a Sankt-Peterburg : $b Rossiæiskaëiìa akademiëiìa nauk, Sankt-Peterburgskiæi filial, In-t soëtìsiologii, $c 1997-
300       $a v. ; $c 21 cm.
310       $a Irregular
362  0    $a Vyp. 1-
440   0   $a Trudy Sankt-Peterburgskogo filiala Instituta soëtìsiologii Rossiæiskoæi akademii nauk. $p Materialy tekushchikh issledovaniæi
500       $a 5 LOC CODES (2 UNIQUE, 3 DUPS) ARE IN UPPER/LOWER CASE - REMOVE BRACKETED INFO, CHG TO UPPERCASE BEFORE OUTPUTTING 2 UNIQUE 852'S (04/02).
650   0   $a Gender identity $v Periodicals.
650   0   $a Sociology $v Periodicals.
650   0   $a Feminism $v Periodicals.
710  2    $a Institut soëtìsiologii (Rossiæiskaëiìa akademiëiìa nauk). $b Sankt-Peterburgskiæi filial.
936       $a Vyp. 2., published in 1999 LIC
994       $a 01 $b CRL

Record 16
