LDR  01250cam  2200349 a 45  
001  ocm43847870 
003  OCoLC
005  20020318120807.0
008  000413c19979999ru  x         0   c0rusod
010       $a   2002225016
040       $a CUS $c CUS $d CRL
042       $a lcd
090       $a HQ1075 $b .G4665
099       $a Hd Cpy (1ST 099)
099       $a PAPERBACK (2ND 099)
049       $a CRLS
245  00   $a Gendernye tetradi.
260       $a Sankt-Peterburg : $b Rossiæiskaëiìa akademiëiìa nauk, Sankt-Peterburgskiæi filial, In-t soëtìsiologii, $c 1997-
300       $a v. ; $c 21 cm.
310       $a Irregular
362  0    $a Vyp. 1-
440   0   $a Trudy Sankt-Peterburgskogo filiala Instituta soëtìsiologii Rossiæiskoæi akademii nauk. $p Materialy tekushchikh issledovaniæi
500       $a REC HAS 2 099 FLDS WITH SINGLE $a - OUTPUT 2ND 099 TO 852 $j (04/02).
590       $a Center's holdings begin with: vol. 2 (1999).
650   0   $a Gender identity $v Periodicals.
650   0   $a Sociology $v Periodicals.
650   0   $a Feminism $v Periodicals.
710  2    $a Institut soëtìsiologii (Rossiæiskaëiìa akademiëiìa nauk). $b Sankt-Peterburgskiæi filial.
949       $a SD $b sd
936       $a Vyp. 2., published in 1999 LIC
949       $a *recs=b;dflt=crls;ov=o;i=;ins=smd;
994       $a 02 $b CRL

Record 17
