LDR  01385nam  2200325Mi 45  
001  ocm48717641 
003  OCoLC
005  20020318121355.0
008  010717s2000    ne            000 0 eng d
040       $a ZXW $b ger $c ZXW $d CRL
020       $a 9051708076
099       $a P-00006055
049       $a [ON][RESERVE]CRLL[COPY 2 REF]
100  1    $a Mortel, Elisabeth Gerarda van de.
245  13   $a An institutional approach to transition processes = $b Een institutionele benadering van transitieprocessenen / $c Elisabeth Gerarda van de Mortel.
246  31   $a Institutionele benadering van transitieprocessenen
260       $a Rotterdam : $b Thela Thesis, $c 2000.
300       $a 220 S.
490  0    $a Tinbergen institute research series ; $v 234
490  0    $a Research series
500       $a 049 HAS CALL NUM SUFFIXES BEFORE & AFTER LOC CODE - OUTPUT DATA IN PAIRED BRACKETS BEFORE LOC CODE AS SINGLE 852 $m AFTER REMOVING BRACKETS; OUTPUT SINGLE SUFFIX AFTER LOC CODE AS 2ND 852 $m AFTER REMOVING BRACKETS (04/02).
502       $a Thesis (doctoral)--Erasmus Universiteit Rotterdam, 2000.
650   0   $a Economic policy $v Cross-cultural studies.
653       $a economic transition
653       $a planned economy
653       $a market economy
653       $a North's theory of institutions and institutional change
949       $a STE $b ste
949       $a *recs=b;dflt=crlm;bn=diss;ov=o;i=/loc=diss;ins=ste;
994       $a 02 $b CRL

Record 18
