LDR  00837nam  2200277Mi 45  
001  ocm48737529 
003  OCoLC
005  20020318121355.0
008  011011s2001    ne            000 0 eng d
040       $a ZXW $b ger $c ZXW $d CRL
020       $a 9058920054
099       $a P-00006051
049       $a CRLL
100  1    $a Roodbergen, Kees Jan.
260       $a Rotterdam : $b Selbstverl., $c 2001.
300       $a xiii, 172 S.
490  0    $a TRAIL thesis series ; $v 2001,3
490  0    $a ERIM PhD series research in management ; $v 4
500       $a NO 245 FIELD - CREATE 998 FLD WITH ERROR MSG (04/02).
502       $a Thesis (doctoral)--Erasmus Universiteit Rotterdam, 2001.
653       $a warehouses
653       $a order picking
653       $a supply chain process
949       $a STE $b ste
949       $a *recs=b;dflt=crlm;bn=diss;ov=o;i=/loc=diss;ins=ste;
994       $a 02 $b CRL

Record 20
