LDR  00705cas  2200205K  45  
001  ocm09662203 
003  OCoLC
008  830630d19uu2001ne  x p       0    0dut d
040       $a CRL $c CRL
022       $a 0923-5701
049       $a CRLL
110  2    $a Nederlandse Malacologische Vereniging.
245  10   $a Correspondentieblad van de Nederlandse Malacologische Vereniging.
260       $a De Bilt, Netherlands [etc.], $b Nederlandse Malacologische Vereniging.
300       $a v. $b ill.
310       $a Irregular
362  0    $a -318 (jan. 2001).
500       $a NO 005 FIELD, CREATE 005 FROM FILEDATE PARM (04/02).
785  00   $t Spirula (Nederlandse Malacologische Vereniging) $x 1566-063X $w (DLC)  2002225017 $w (OCoLC)47922599
994       $a 01 $b CRL

Record 21
