LDR  01376cas  2200313K  45  
001  ocm09662203 
003  OCoLC
005  20020318122121.0
008  830630d19uu2001ne  x p       0    0dut d
040       $a CRL $c CRL
022       $a 0923-5701
099       $a Hd Cpy
049       $a CRLS,CRLA,CRLB
110  2    $a Nederlandse Malacologische Vereniging.
245  10   $a Correspondentieblad van de Nederlandse Malacologische Vereniging.
260       $a De Bilt, Netherlands [etc.], $b Nederlandse Malacologische Vereniging.
300       $a v. $b ill.
310       $a Irregular
362  0    $a -318 (jan. 2001).
500       $a CRL: 1ST 590 DOES NOT BEGIN WITH "CENTER HAS:" AND DOES NOT FOLLOW "CENTER HAS:" 590 - OUTPUT AS 852 $z IN ALL 852'S  (04/02).
500       $a 2ND 590 BEGINS "CENTER HAS:" & IS FOLLOWED BY 3 MORE 590'S - CONCATENATE 3 FOLLOWING 590'S, SEPARATED BY "+++" & OUTPUT AS 852 $3 IN 1ST 852.
590       $a Some issues lost. (1st 590)
590       $a Center has:
590       $a E-11847  v. 74-92 (Feb. 1958-Jan. 1961); v. 94-128 (June 1961-Oct. 1968); v. 132-215 (June 1969-Nov. 1983) (1ST HOLDINGS 590)
590       $a B-47761  v. 216-315 (Jan. 1984-July 2000) (2ND HOLDINGS 590)
590       $a E-11847  v. 318 (Jan. 2001) (3RD HOLDINGS 590)
785  00   $t Spirula (Nederlandse Malacologische Vereniging) $x 1566-063X $w (DLC)  2002225017 $w (OCoLC)47922599
949       $a SD $b sd
994       $a 02 $b CRL

Record 22
