LDR  01002cas  2200289 a 45  
001  ocm47922599 
003  OCoLC
005  20020318122341.0
008  010907c20019999ne br p       0    0dut d
010       $a   2002225017
040       $a SMI $c SMI $d CRL
022       $a 1566-063X
042       $a lcd
090       $a QL401 $b .N37
049       $a CXRL
130  0    $a Spirula (Nederlandse Malacologische Vereniging)
245  10   $a Spirula : $b correspondentieblad van de Nederlandse Malacologische Vereniging.
260       $a Amsterdam : $b Nederlandse Malacologische Vereniging,
300       $a v. : $b ill. ; $c 30 cm.
310       $a Bimonthly
362  0    $a Nr. 319 (apr. 2001)-
500       $a UNKNOWN LOCATION CODE - CREATE 998 FLD WITH ERROR MSG (04/02).
650   0   $a Mollusks $v Periodicals.
650   0   $a Shells $v Periodicals.
780  00   $a Nederlandse Malacologische Vereniging. $t Correspondentieblad van de Nederlandse Malacologische Vereniging $x 0923-5701 $w (OCoLC)9662203
936       $a No. 323 (nov./dec. 2001) LIC
994       $a 01 $b CRL

Record 23
