LDR  00707naX  2200229Ka 45  
001  ocm49336510 
003  OCoLC
005  20020318122353.0
008  020318s1980    wlk     b     000 0 eng d
040       $a CRL $c CRL
099       $a P-90000139
049       $a CRLL
100  1    $a Sigl, Patricia Mary.
245  14   $a The literary achievement of Elizabeth Inchbald $h [microform] / $c Patricia Mary Sigl.
260       $c 1980.
300       $a 9 microfiches.
500       $a UNKNOWN BIBLVL - CREATE 998 FLD WITH ERROR MSG (04/02).
502       $a Thesis (doctoral)--University of Wales, 1980.
653       $a Elizabeth Inchbald
949       $a XL $b xl
949       $a *recs=b;dflt=crlm;bn=diss;ov=.b14606550;i=/loc=diss;ins=leix;
994       $a 02 $b CRL

Record 25
