LDR  00662nam  2200217Ii 45  
001  ocm07839850 
003  OCoLC
005  20020116122306.0
008  811012s1960    ug            000 0 eng d
040       $a MOA $c MOA $d CRL
099       $a F-6327
049       $a CRLL
100  1    $a Langdale-Brown, I.
245  14   $a The vegetation of the western province of Uganda.
260       $a Kampala : $b Dept. of Agriculture, $c 1960.
300       $a 111 p. ; $c 34 cm.
440   0   $a Memoirs of the Research Division ; $v Series 2, Vegetation, no. 4
500       $a 994 $a = "03" - CREATE DELETE RECORD (04/02).
650   0   $a Botany $z Uganda
949       $a recs=b;dflt=crlm;ov=o;i=;ins=clh;
994       $a 03 $b CRL

Record 26
