LDR  00796nam  2200253 a 45  
001  ocm48788637 
003  OCoLC
005  20020129134115.0
008  020115s2001    ru b     b    000 0 rusoc
040       $a CGU $c CGU $d CRL
020       $a 5020322393
042       $a pcc
043       $a e-urf--
050   4   $a HD9502.R83 $b S254 2001
049       $a CRLL
100  1    $a Efremov, çE. I. $q (çEduard Ivanovich)
245  10   $a çEkonomika toplivno-çenergeticheskogo kompleksa ëIìAkutii / $c çE.I. Efremov.
260       $a Novosibirsk : $b Nauka, $c 2001.
300       $a 283 p. : $b map ; $c 23 cm.
500       $a 994 $a = "93" - CREATE DELETE RECORD (04/02).
504       $a Includes bibliographical references.
650   0   $a Energy industries $z Russia (Federation) $z Sakha.
651   0   $a Sakha (Russia) $x Economic conditions.
994       $a 93 $b CRL

Record 27
