LDR  00701naa  2200205Ia 45  
001  ocm49344354 
003  OCoLC
005  20020319171231.0
008  020319s2002    xx       b    000 0 eng d
040       $a CBG $c CBG
043       $a n-us--- $a n-us-ca
099       $a A9884 $a 2002
049       $a CBGS
100  1    $a Holter, Darryl.
245  10   $a BIDs [business improvement districts] : $b a quiet revolution in urban management / $c Darryl Holter.
500       $a CBG (for all): 994 $a IS '03'; CHANGE LEADER STATUS TO 'd'
650   0   $a Central business districts $z United States $x Planning.
650   0   $a Urban renewal $z United States.
773  0    $7 nnas $t California policy options. $g 2002, p. 47-52. $w (OCoLC)38594780
994       $a 03 $b CBG

Record 29
