LDR  00585naa  2200193Ia 45  
001  ocm49344355 
003  OCoLC
005  20020319171232.0
008  020319s2002    xx a     b    000 0 eng d
040       $a CBG $c CBG
043       $a n-us-ca
099       $a A9884 $a 2002
049       $a CBGS
100  1    $a Blasi, Gary.
245  10   $a Reforming educational accountability / $c Gary Blasi.
500       $a CBG (for all): 994 $a IS '93'; CHANGE LEADER STATUS TO 'd'.
650   0   $a Educational accountability $z California.
773  0    $7 nnas $t California policy options. $g 2002, p. 53-78. $w (OCoLC)38594780
994       $a 93 $b CBG

Record 30
