LDR  00751naa  2200217Ia 45  
001  ocm49344356 
003  OCoLC
005  20020319171233.0
008  020319s2002    xx a     b    000 0 eng d
040       $a CBG $c CBG
043       $a n-us-ca
099       $a A9884 $a 2002
049       $a PROS
100  1    $a Malloy, Timothy F.
245  10   $a Pollution prevention as a regulatory tool in California : $b breaking barriers and building bridges / $c Timothy F. Malloy.
500       $a CBG: 994 $b IS PRO; OUTPUT 852 $a AND 901 $a AS 'CBG'.
650   0   $a Pollution prevention $z California.
650   0   $a Dry cleaning $x Environmental aspects $z California.
700  1    $a Sinsheimer, Peter.
773  0    $7 nnas $t California policy options. $g 2002, p. 79-[110]. $w (OCoLC)38594780
994       $a 01 $b PRO

Record 31
