LDR  00634naa  2200205Ia 45  
001  ocm49344357 
003  OCoLC
005  20020319171234.0
008  020319s2002    xx a     b    000 0 eng d
040       $a CBG $c CBG
043       $a n-us-ca
099       $a A9884 $a 2002
049       $a CBGS
100  1    $a Edwards, Alejandra Cox, $d 1954-
245  10   $a Contingent workers in California / $c Alejandra Cox Edwards, Lisa M. Grobar.
500       $a UNKNOWN SOURCE 'XYZ' IN 994 $b; REJECT.
650   0   $a Temporary employment $z California.
700  1    $a Grobar, Lisa M.
773  0    $7 nnas $t California policy options. $g 2002, p. 155-175. $w (OCoLC)38594780
994       $a 01 $b XYZ

Record 32
