LDR  00635naa  2200181Ia 45  
001  ocm49344358 
003  OCoLC
008  020319s2002    xx a     b    000 0 eng d
040       $a CBG $c CBG
043       $a n-us-ca
099       $a A9884 $a 2002
049       $a CBGS
100  1    $a Thornberg, Christopher F.
245  10   $a Of megawatts and men : $b understanding the causes of the California power crisis / $c Christopher F. Thornberg.
500       $a CBG (for all): NO 005 IN RECORD; USE DATE PARM TO CREATE 005
650   0   $a Electric utilities $x Deregulation $z California.
773  0    $7 nnas $t California policy options. $g 2002, p. 177-195. $w (OCoLC)38594780
994       $a 01 $b CBG

Record 33
