LDR  00731caa  2200205Ia 45  
001  ocm48936916 
003  OCoLC
005  20020319172941.0
008  020205s2001    xx       b    000 0 eng d
040       $a CBG $c CBG
043       $a n-us---
049       $a CBGA
100  1    $a Abramowitz, Alan.
245  10   $a It's Monica, stupid : $b the impeachment controversy and the 1998 midterm election / $c by Alan I. Abramowitz.
500       $a CBG (for all): 994 LACKS $a; REJECT.
610  10   $a United States. $b Congress $x Elections, 1998.
651   0   $a United States $x Politics and government $y 1993-2001.
650   0   $a Impeachments $z United States.
773  0    $7 nnas $t Legislative studies quarterly. $g Vol. 26, no. 2 (May 2001), p. 211-226. $w (OCoLC)2398192
994       $b CBG

Record 35
