LDR  00612caa  2200181Ia 45  
001  ocm48936917 
003  OCoLC
005  20020319172942.0
008  020205s2001    xx       b    000 0 eng d
040       $a CBG $c CBG
043       $a n-us---
049       $a CBGA
100  1    $a Arnold, Laura W.
245  14   $a The distribution of Senate committee positions : $b change or more of the same? / $c Laura W. Arnold.
500       $a CBG (for all): 994 LACKS $b; REJECT.
610  10   $a United States. $b Congress. $b Senate $x Committees.
773  0    $7 nnas $t Legislative studies quarterly. $g Vol. 26, no. 2 (May 2001), p. 227-248. $w (OCoLC)2398192
994       $a 01

Record 36
