LDR  00582caa  2200205Ia 45  
001  ocm48936915 
003  OCoLC
005  20020319173149.0
008  020205s2001    xx       b    000 0 eng d
040       $a CBG $c CBG
043       $a n-us---
050       $a AB444 $. C22
090       $a This is an 090 call num
099       $a A0040 (099 1ST $a) $a At NRLF (099 2ND $a)
049       $a CBGS
100  1    $a Barks, Barry
245  10   $a Agenda setting in the DogHouse
500       $a CBG: TAKE CALL NUMBER FROM 099; OUTPUT BOTH $a's IN 852 $j
610  10   $a United States. $b Congress. $b House $x Leadership.
994       $a 01 $b CBG

Record 38
