LDR  00777caa  2200217Ia 45  
001  ocm48936924 
003  OCoLC
005  20020319173154.0
008  020205s2001    xx       b    000 0 eng d
040       $a CBG $c CBG
043       $a n-us---
050       $a CH996 (050) $b .D50
090       $a Modern Units (090)
049       $a CBGS
100  1    $a Lipinski, Daniel.
245  04   $a The effect of messages communicated by members of congress : $b the impact of publicizing votes / $c Daniel Lipinski.
500       $a CBG: RECORD HAS 050 AND 090; USE 090 FOR CALL NUMBER IN 852 $j.
610  10   $a United States. $b Congress $x Voting.
650   0   $a Legislators $z United States $x Public opinion.
773  0    $7 nnas $t Legislative studies quarterly. $g Vol. 26, no. 1 (Feb. 2001), p. 81-100. $w (OCoLC)2398192
994       $a 01 $b CBG

Record 39
