LDR  00726caa  2200205Ia 45  
001  ocm48936925 
003  OCoLC
005  20020319173154.0
008  020205s2001    xx       b    000 0 eng d
040       $a CBG $c CBG
043       $a n-us---
050  00   $a E889 (050) $b .N33 2002
049       $a CBGS,CBGA
100  1    $a Morris, Jonathan S.
245  10   $a Reexamining the politics of talk : $b partisan rhetoric in the 104th House / $c Jonathan S. Morris.
500       $a CBG: TAKE CALL NUMBER FROM 050.
610  10   $a United States. $b Congress $n (104th : $d 1995-1996). $b House.
650   0   $a Rhetoric $x Political aspects $z United States.
773  0    $7 nnas $t Legislative studies quarterly. $g Vol. 26, no. 1 (Feb. 2001), p. 101-121. $w (OCoLC)2398192
994       $a 01 $b CBG

Record 40
