LDR  00840nam  2200253Ia 45  
001  ocm48936930 
003  OCoLC
005  20020319173155.0
008  020205s2001    dcu      b    000 0 eng d
040       $a CBG $c CBG
043       $a n-us---
099       $a x
049       $a CBGS
100  1    $a Edwards, Chris.
245  10   $a Simplifying federal taxes : $b the advantages of consumption-based taxation  / $c by Chris Edwards.
260       $a Washington, D.C. : $b Cato Institute, $c 2001.
300       $a 31 p. ; $c 28 cm.
490  1    $a Policy analysis ; $v no. 416
500       $a 099 $a IS 'x'; DO NOT OUTPUT A CALL NUMBER IN THE 852
530       $a Also available online via the Internet.
650   0   $a Taxation $x Law and legislation $z United States.
830   0   $a Policy analysis (Cato Institute) ; $v no. 416
856  41   $u http://www.cato.org/pubs/pas/pa416
994       $a 01 $b CBG

Record 41
