LDR  00875cas  2200253Ia 45  
001  ocm13364381 
003  OCoLC
005  20020322124649.0
008  860331c19839999cauar        l0   a0eng d
040       $a CUZ $c CUZ $d OCL $d CBG
090       $a HJ9012.C3 $b S365
099       $a A0040 $a At NRLF
049       $a CBGS $a CBGA
110  1    $a Santa Cruz County (Calif.). $b Auditor-Controller.
245  10   $a Comprehensive annual financial report of the County of Santa Cruz, Sate of California, for the fiscal year ended ...
260       $a [Santa Cruz : $b s.n., $c 1983-
300       $a v. ; $c 22 x 28 cm.
310       $a Annual
362  0    $a 1983-
500       $a CBG: OUTPUT 590 'Library has:' IN 1st 852 $3; OTHER 590 AS 852 $z IN ALL 852s.
590       $a Library has: 2001-
590       $a Some volumes stolen by aliens.
650   0   $a Finance, Public $z California $z Santa Cruz County $v Periodicals.
994       $a 01 $b CBG

Record 42
