LDR  01278cam  2200337 a 45  
001  ocm38231026 
003  OCoLC
005  20010529151451.0
008  690121s1968    mdua          000 0 eng  
010       $a    68008919 
040       $a NLM $c NLM $d AGL $d HMF
016  7    $a 0164734 $2 DNLM
060  00   $a QU 16 (060) $b A468m 1968
070  0    $a QH521 $b .M47 1968
072   0   $a X300
096       $a QU 16 (096) $b F4a 1968
049       $a HMFR $a hMfP
100  1    $a Altman, Philip L.
245  10   $a Metabolism / $c compiled and edited by Philip L. Altman and Dorothy S. Dittmer.  Prepared under the auspices of the Committee on Biological Handbooks.
260       $a Bethesda, Md. : $b Federation of American Societies for Experimental Biology, $c [c1968]
300       $a xix, 737 p. : $b ill. ; $c 28 cm.
440   0   $a Biological handbooks
500       $a HMF: 096 AND 060 IN RECORD. TAKE CALL NUMBER FROM 096
500       $a HMF: CHANGE 049 'hMfP' TO 'HMFP' FOR OUTPUT IN 852 $b.
650   0   $a Metabolism $v Handbooks, manuals, etc.
650   2   $a Metabolism $v tables.
650   2   $a Nutrition $v tables.
700  1    $a Katz, Dorothy Dittmer.
710  2    $a Federation of American Societies for Experimental Biology. $b Committee on Biological Handbooks.
710  2    $a National Library of Medicine (U.S.)
994       $a 01 $b HMF

Record 43
