LDR  01279pam  2200349 a 45  
001  ocm23732128 
003  OCoLC
005  20010529153100.0
008  910425s1992    nyua     b    001 0 eng c
010       $a    91018631 
040       $a DNLM/DLC $c DLC $d NLM $d HMF
016  7    $a 9105250 $2 DNLM
019       $a 23653751 $a 25870446
020       $a 0881678155
050  10   $a RC847.5.E53 (050) $b S54 1991
082  00   $a 616.3/650757 $2 20
049       $a HMFR
100  1    $a Siegel, Jerome H., $d 1932-
245  10   $a Endoscopic retrograde cholangiopancreatography : $b technique, diagnosis, and therapy / $c Jerome H. Siegel ; with a contribution by J. Delmont and A.G. Harris.
260       $a New York : $b Raven Press, $c c1992.
300       $a xv, 426 p. : $b ill. (some col.) ; $c 29 cm.
500       $a HMF: NO 099,096,060, OR 090; TAKE CALL NUM FROM 050.
504       $a Includes bibliographical references and index.
650   0   $a Endoscopic retrograde cholangiopancreatography.
650   2   $a Biliary Tract Diseases $x diagnosis.
650   2   $a Biliary Tract Diseases $x therapy.
650   2   $a Cholangiopancreatography, Endoscopic Retrograde.
650   2   $a Pancreatic Diseases $x diagnosis.
650   2   $a Pancreatic Diseases $x therapy.
700  1    $a Delmont, J.
700  1    $a Harris, A. G. $q (Alan G.)
994       $a 01 $b HMF

Record 44
