LDR  02024cas  2200565   45  
001  ocm01481511 
003  OCoLC
005  20010529160220.0
007  cr unu
008  750727c19399999cauar1        0   a0eng d
010       $a    39015404 
040       $a MUL $c MUL $d NSD $d YUS $d DLC $d OCL $d DLC $d SER $d OCL $d AIP $d NSD $d AIP $d NSD $d DLC $d NSD $d AIP $d HUL $d NST $d DLC $d AGL $d MXC $d CUS $d GUA $d MYG $d SYS $d OCL $d HMF
012       $a 3 $b 3 $e n $i 8811 $j 0
016  7    $a A54240000 $2 DNLM
019       $a 599732
022  0    $a 0066-4278
030       $a ARPHAD
035       $a 0066578 $b MULS $a   Ulp   No.  0829200002 $a PITT NO.  0690300000
042       $a lc $a nsdp
050  00   $a QP1 $b .A535
060  0    $a W1 AN779
070  0    $a 444.8 $b An7
072   0   $a X300
082       $a 599.01/05
099       $a QT 4 A615 (099)
049       $a HMFM $a HMFR $a HMFP
210  0    $a Annu. rev. physiol.
222   0   $a Annual review of physiology
245  00   $a Annual review of physiology.
260       $a Palo Alto, Calif., $b Annual Reviews Inc.
362  0    $a v. 1-   1939-
500       $a HMF: CREATE 852 $j CALL NUM FROM 099 $a.
500       $a HMF: CREATE 852 $3 FROM INFO FOLLOWING 'Library has:' IN 590 FIELD; OUTPUT IN FIRST 852 ONLY
500       $a HMF: CREATE $z IN EACH 852 FROM 2ND 590 IN RECORD; DROP BOTH 590s
510  2    $a Psychological abstracts $x 0033-2887 $b 1939-
555       $a Vols. 1-20, 1939-48.  1 v.
590       $a Library has:  v.8, 1946; v.15, 1953; v.24-32, 1962-1970; v.34-35, 1972-1973; v.37, 1975; v.47, 1985-
590       $a Some copies under librarian's chair.
650   0   $a Physiology $v Periodicals.
650   2   $a Physiology $x yearbooks.
700  1    $a Luck, James Murray, $d 1899- $e ed.
700  1    $a Hall, Victor Ernest, $d 1901- $e ed.
710  2    $a Annual Reviews, Inc.
710  2    $a American Physiological Society (1887- )
850       $a CSt-L $a DLC $a DNAL $a GU $a MnSU
856  41   $u http://physiol.AnnualReviews.org/
891  30   $9 853 $8 1 $a v. $i (year)
891  40   $9 863 $8 1 $a <1>- $i <1939>- $x provisional
936       $a Unknown $a 1974 (surrogate)
994       $a 02 $b HMF

Record 45
