LDR  01657cas  2200433 a 45  
001  ocm45147179 
003  OCoLC
005  20010529161536.0
008  001010c20019999caubr p       0    0eng d
010       $a    00212506 
040       $a NSD $c NSD $d EYM $d VA@ $d GUA $d MYG $d CAS $d EYM $d HMF
012       $l 1
022  0    $a 1532-0464
030       $a JBIOBL
037       $b Academic Press, 525 B Street, Ste. 1900, San Diego, CA
042       $a lcd
060       $a 060 subfld A1 $a 060 subfld A2 $b 060 subfld b
090       $a Journals
049       $a HMFP $a HMFR
245  00   $a Journal of biomedical informatics.
246  30   $a Biomedical informatics
260       $a San Diego, CA : $b Academic Press, $c c2001-
263       $a 0102
300       $a v. : $b ill. ; $c 28 cm.
310       $a Bimonthly
362  0    $a Vol. 34, no. 1 (Feb. 2001)-
500       $a HMF: CREATE CALL NUM FOR EACH 852 FROM 060; TAKE $h FROM 1ST $a; $i FROM ONLY $b
510  0    $a Chemical abstracts $x 0009-2258
530       $a Also available to subscribers via the World Wide Web; full-text in PDF, tables of contents and abstracts in HTML.
590       $a Library has:  v.34, 2001-
650   0   $a Medical informatics $v Periodicals.
650   0   $a Medicine $x Data processing $v Periodicals.
650   0   $a Medicine $x Research $x Data processing $v Periodicals.
776  1    $t Journal of biomedical informatics (Online) $x 1532-0480 $w (DLC)   00212507 $w (OCoLC)45147742
780  00   $t Computers and biomedical research $x 0010-4809 $w (DLC)sn 78004292 $w (OCoLC)1564611
856  41   $u http://www.idealibrary.com/links/toc/jbin
891  20   $9 853 $8 1 $a v. $b no. $u 6 $v r $i (year) $j (month) $w b $x 02
891  41   $9 863 $8 1.1 $a 34 $b 1 $i 2001 $j 02
994       $a 01 $b HMF

Record 46
