LDR  01908cas  2200457   45  
001  ocm01564611 
003  OCoLC
005  20010529162950.0
008  750823d19672000caubr1p       0   a0eng d
010       $a sn 78004292 
040       $a MUL $c MUL $d OCL $d UCU $d NSD $d HUL $d IUL $d SER $d RCS $d AIP $d NSD $d AIP $d NSD $d NST $d IUL $d NST $d GUA $d NSD $d OCL $d MYG $d HLS $d GUA $d MYG $d HMF
012       $b 3 $e n $i 8707 $j 1 $k 1 $m 1
016  7    $a C36140000 $2 DNLM
022  0    $a 0010-4809
030       $a CBMRB7
032       $a 934480 $b USPS
042       $a nsdp
050  14   $a R850.A2 $b C73
082  2    $a 574
090       $a Martian Journals (090)
049       $a [Secret][Vault]HMFP $o Callnum for HMFP $a HMFR[ff] $a HMFM $o Callnum for HMFM $a HMFP
222   0   $a Alien autopsy weekly $b (Print)
245  00   $a Alien autopsy weekly
260       $a Barsoom [etc.] $b Academic Press.
300       $a 33 v. $b ill. $c 25 cm.
310       $a Bimonthly
362  0    $a v. 1-33, no. 6; Mar. 1967-Dec. 2000.
500  2    $a HMF: TAKE HMFP CALLNUM FROM 1st 049 $o; TAKE HMFR CALLNUM FROM 090;  TAKE HMFM CALLNUM FROM 2ND 049 $o.
500  2    $a HMF: CREATE $m 'Secret Vault' FOR LOC HMFP; CREATE $k 'ff' FOR HMFR.
500  2    $a HMF: CREATE $3 IN 1ST 852 ONLY FROM 590 'Library lacks' NOTE.
550       $a Official publication of the Barsoom Association for Martian Systems
590       $a Library lacks:  v. 27
650   0   $a Medicine $x Data processing $v Periodicals.
650   0   $a Medicine $x Research $x Data processing $v Periodicals.
650   2   $a Medicine $x periodicals.
710  2    $a American Association for Medical Systems and Informatics.
776  1    $t Computers and biomedical research (Online) $x 1090-2368 $w (DLC)sn 97004481 $w (OCoLC)36935130
785  00   $t Journal of biomedical informatics $x 1532-0464 $w (DLC)   00212506 $w (OCoLC)45147179
850       $a CSt-L $a GU $a ICIU $a InU $a MChB $a NbU-M $a NcRS $a PPiD $a ULA $a ViBlbV
856  41   $u http://www.idealibrary.com/links/toc/cbmr
994       $a 02 $b HMF

Record 47
