LDR  00938pam  2200277 a 45  
001  ocm42437207 
003  OCoLC
005  20020325152637.0
008  990920r20001938nyua          000 0 eng  
010       $a    99048877 
040       $a DLC $c DLC $d CUH
043       $a e-it--- $a f-et---
090  00   $a KZ719 (090) $b 1934
086  0    $a Y 4.AR 5/2 A:2001-2002/25 (086)
049       $a CUHH $a CUH$ $a CUHS
100  1    $a Potter, Pitman B. $q (Pitman Benjamin), $d 1892-
245  14   $a The Wal Wal arbitration / $c by Pitman B. Potter.
260       $a Buffalo, N.Y. : $b W.S. Hein & Co., $c 2000.
300       $a vii, 182 p. : $b ill. ; $c 23 cm.
500       $a CUH: FOR LOCS CUHH & CUHS USE 086 FOR CALL NUMBER; FOR CUH$ USE 090.
651   0   $a Italy $x Claims $v Cases.
651   0   $a Ethiopia $x Claims $v Cases.
710  2    $a Carnegie Endowment for International Peace. $b Division of International Law.
945       $a STATS CATS://MN//XX//ED//
949       $a *recs-b;ov-o;
994       $a 02 $b CUH

Record 48
