LDR  01784nam  2200373 a 45  
001  ocm49200060 
003  OCoLC
005  20020325180809.0
008  020226s2001    dcuab        f000 0 eng c
040       $a GPO $c GPO $d CUH
020       $a 0160666872
042       $a pcc
043       $a n-us--- $a n-us-ca $a n-us-oh
050  14   $a HC241.4 $b .E44
090  14   $a GA333.4 $b .G33
099       $b CallNum From 099
049       $a CUHk
110  1    $a United States. $b Congress. $b House. $b Committee on Resources. $b Subcommittee on Fisheries Conservation, Wildlife, and Oceans.
245  10   $a H.R. 37, H.R. 640, and H.R. 1000 : $b legislative hearing before the Subcommittee on National Parks, Recreation, and Public Lands of the Committee on Resources, U.S. House of Representatives, One Hundred Seventh Congress, first session, Thursday, April 26, 2001.
260       $a Washington : $b U.S. G.P.O. : $b For sale by the Supt. of Docs., U.S. G.P.O., [Congressional Sales Office], $c 2001.
300       $a iii, 545 p. : $b ill., maps ; $c 24 cm.
500       $a CUH: USE LC CALL NUM SCHEME: OUTPUT 099 $b AS 852 $j.
500       $a CUH: UPPERCASE LOCATION CODE BEFORE OUTPUT.
650   0   $a Trails $x Law and legislation $z United States.
651   0   $a Santa Monica Mountains National Recreation Area (Calif.) $x Boundaries.
650   0   $a Recreation areas $x Law and legislation $z California.
651   0   $a William Howard Taft National Historic Site (Cincinnati, Ohio) $x Boundaries.
650   0   $a Land titles $x Registration and transfer $z Ohio $z Cincinnati.
856  41   $3 Text version: $u http://purl.access.gpo.gov/GPO/LPS17751
856  41   $3 PDF version: $u http://purl.access.gpo.gov/GPO/LPS17752 $z Adobe Acrobat Reader required
910       $a Y 4.R 31/3:107-21
945       $a STATS FEDS://MN//ED//
949       $a *recs-b;ov-+;
994       $a 02 $b CUH

Record 49
