LDR  01325nam  2200301 a 45  
001  ocm49015143 
003  OCoLC
005  20020325180956.0
008  020215s2001    dcua         f000 0 eng c
040       $a GPO $c GPO $d CUH
020       $a 0160666937
042       $a pcc
043       $a n-us---
050       $a Callnum from 050
090       $a Sedler (090 1ST $a) $a Collection (2ND $a) $a Area (3RD $a)
049       $a CUHb
110  1    $a United States. $b Congress. $b House. $b Committee on Resources. $b Subcommittee on Forests and Forest Health.
245  10   $a Developing economic uses for forest fuels : $b oversight hearing before the Subcommittee on Forests and Forest Health of the Committee on Resources, U.S. House of Representatives, One Hundred Seventh Congress, first session, April 3, 2001.
260       $a Washington : $b U.S. G.P.O. : $b For sale by the Supt. of Docs., U.S. G.P.O., [Congressional Sales Office], $c 2001.
300       $a iii, 73 p. : $b ill. ; $c 24 cm.
500       $a CUH: USE LC CALLNUM SCHEME: OUTPUT 090 $a's IN 852 $j.
650   0   $a Forests and forestry $x Economic aspects $z United States.
650   0   $a Biomass energy $x Economic aspects $z United States.
650   0   $a Energy development $x Economic aspects $z United States.
910       $a Y 4.R 31/3:107-13
945       $a STATS FEDS://MN//ED//
949       $a *recs-b;ov-+;
994       $a 02 $b CUH

Record 50
