LDR  01419nam  2200325 a 45  
001  ocm49191414 
003  OCoLC
005  20020325181134.0
008  020225s2001    dcu          f000 0 eng c
040       $a GPO $c GPO $d CUH
020       $a 0160666783
042       $a pcc
043       $a n-us---
050       $a R129 (050) $b .D47
049       $a CUHA
110  1    $a United States. $b Congress. $b House. $b Committee on Resources. $b Subcommittee on Forests and Forest Health.
245  10   $a Views and vision of the new chief of the U.S. Forest Service, Dale N. Bosworth : $b oversight hearing before the Subcommittee on Forests and Forest Health of the Committee on Resources, U.S. House of Representatives, One Hundred Seventh Congress, first session, May 15, 2001.
260       $a Washington : $b U.S. G.P.O. : $b For sale by the Supt. of Docs., U.S. G.P.O., [Congressional Sales Office], $c 2001.
300       $a iii, 34 p.  ; $c 24 cm.
500       $a CUH: USE LC CALL NUM SCHEME: OUTPUT 050 AS 852 $h & $i.
500       $a "Serial no. 107-28."
600  10   $a Bosworth, Dale N.
610  10   $a United States. $b Forest Service.
650   0   $a Forest management $z United States.
856  41   $3 Text version: $u http://purl.access.gpo.gov/GPO/LPS17577
856  41   $3 PDF version: $u http://purl.access.gpo.gov/GPO/LPS17578 $z Adobe Acrobat Reader required
910       $a Y 4.R 31/3:107-28
945       $a STATS FEDS://MN//ED//
949       $a *recs-b;ov-+;
994       $a 02 $b CUH

Record 51
