LDR  01554nam  2200349 a 45  
001  ocm49014748 
003  OCoLC
005  20020325181250.0
008  020215s2002    dcu      b   f000 0 eng c
040       $a GPO $c GPO $d CUH
020       $a 0160666953
042       $a pcc
043       $a n-us---
086       $a callnum in 086
099       $a Documents Area (099)
049       $a CUHh
110  1    $a United States. $b Congress. $b House. $b Committee on Small Business. $b Subcommittee on Regulatory Reform and Oversight.
245  10   $a EPA rulemaking : $b do bad analyses lead to irrational rules : hearing before the Subcommittee on Regulatory Reform of the Committee on Small Business, House of Representatives, One Hundred Seventh Congress, first session, Washington, DC, November 8, 2001.
260       $a Washington : $b U.S. G.P.O. : $b For sale by the Supt. of Docs., U.S. G.P.O., [Congressional Sales Office], $c 2002.
300       $a iii, 88 p. ; $c 24 cm.
500       $a CUH: USE SUDOC CALL NUM SCHEME: OUTPUT 099 $a AS 852 $j.
504       $a Includes bibliographical references.
500       $a "Serial no. 107-35."
650   0   $a Administrative procedure $z United States.
650   0   $a Administrative regulation drafting $z United States.
610  10   $a United States. $b Environmental Protection Agency.
856  41   $3 Text version: $u http://purl.access.gpo.gov/GPO/LPS17574
856  41   $3 PDF version: $u http://purl.access.gpo.gov/GPO/LPS17576 $z Adobe Acrobat Reader required
910       $a Y 4.SM 1:107-35
945       $a STATS FEDS://MN//ED//
949       $a *recs-b;ov-+;
994       $a 02 $b CUH

Record 52
