LDR  01462nam  2200325 a 45  
001  ocm49015103 
003  OCoLC
005  20020325181428.0
008  020215s2001    dcu          f000 0 eng c
040       $a GPO $c GPO $d CUH
020       $a 0160666899
042       $a pcc
043       $a n-us---
088       $a Serial no. 107-10 (United States. Congress. House. Committee on Resources)
086  0    $a HE 20.3017: (086)
049       $a CUHS
110  1    $a United States. $b Congress. $b House. $b Committee on Resources. $b Subcommittee on Forests and Forest Health.
245  10   $a Effective community involvement in national forest restoration and recreation efforts : $b obstacles and solutions : oversight hearing before the Subcommittee on Forests and Forest Health of the Committee on Resources, U.S. House of Representatives, One Hundred Seventh Congress, first session, March 29, 2001.
260       $a Washington : $b U.S. G.P.O. : $b For sale by the Supt. of Docs., U.S. G.P.O., [Congressional Sales Office], $c 2001.
300       $a iii, 55 p.  ; $c 24 cm.
500       $a CUH: USE SUDOC CALLNUM SCHEME; OUTPUT 086 $a AS 852 $j.
500       $a Shipping list no.: 2002-0096-P.
500       $a "Serial no. 107-10."
650   0   $a Forestry and community $z United States.
650   0   $a Forest reserves $z United States $z Recreational use.
650   0   $a Outdoor recreation $z United States.
910       $a Y 4.R 31/3:107-10
945       $a STATS FEDS://MN//ED//
949       $a *recs-b;ov-+;
994       $a 02 $b CUH

Record 53
