LDR  02525cam  2200385 a 45  
001  ocm48886621 
003  OCoLC
005  20020325181745.0
008  020129s2002    dcu          f000 0 eng c
040       $a SEN $c SEN $d GPO $d CUH
020       $a 0160666848
042       $a pcc
043       $a n-us-ny $a n-us-ms $a n-us-id
049       $a CUHh,CUH*,CUH%
110  1    $a United States. $b Congress. $b Senate. $b Committee on Energy and Natural Resources. $b Subcommittee on National Parks.
245  10   $a Governors Island, Vicksburg Military Park, Niagara Falls Heritage Area, and Craters of the Moon Preserve bills : $b hearing before the Subcommittee on National Parks of the Committee on Energy and Natural Resources, United States Senate, One Hundred Seventh Congress, first session on S. 689, to convey certain federal properties on Governors Island, New York; S. 1175, to modify the boundary of Vicksburg National Military Park to include the property known as Pemberton's Headquarters, and for other purposes; S. 1227, to authorize the Secretary of the Interior to conduct a study on the suitability and feasibility of establishing the Niagara Falls National Heritage Area in the state of New York, and for other purposes; H.R. 601, to redesignate certain lands within the Craters of the Moon National Monument, and for other purposes, July 31, 2001.
260       $a Washington : $b U.S. G.P.O. : $b For sale by the Supt. of Docs., U.S. G.P.O. [Congressional Sales Office], $c 2002.
300       $a iii, 52 p. ; $c 24 cm.
500  1    $a CUH: NO CALLNUMS IN INPUT REC; DON'T CREATE CALL NUM SUBFLDS IN 852s
500       $a CUH: OUTPUT 590 Library has: AS 852 $3 IN 1ST 852; OTHER 590s AS 852$x's IN EACH 852 OUTPUT; STRIP 'Library has:' PREFIX BEFORE OUTPUT.
590       $a Library has: all volumes.
590       $a Some copies have vanished (590).
590       $a Some copies have rematerialized (590).
651   0   $a Governors Island (New York County, N.Y.)
651   0   $a Vicksburg National Military Park (Miss.)
651   0   $a Niagara Falls (N.Y. and Ont.)
651   0   $a Craters of the Moon National Monument (Idaho)
650   0   $a National parks and reserves $x Law and legislation $z United States.
810  1    $a United States. $b Congress. $b Senate. $t S. hrg. ; $v 107-231.
856  41   $3 Text version: $u http://purl.access.gpo.gov/GPO/LPS17478
856  41   $3 PDF version: $u http://purl.access.gpo.gov/GPO/LPS17479 $z Adobe Acrobat Reader required
910       $a Y 4.EN 2:S.HRG.107-231
945       $a STATS FEDS://MN//ED//
949       $a *recs-b;ov-+;
994       $a 02 $b CUH

Record 54
