LDR  01486cam  22003258a 45  
001  ocm47716508 
003  OCoLC
005  20020328125633.0
008  010725s2002    nyu      b    001 0 eng  
010       $a   2001048047
040       $a DLC $c DLC $d GUL $d CUH
020       $a 1571050892
042       $a pcc
043       $a a-iq--- $a a-sy--- $a a-tu---
090       $a KZ3700 $b .E45 2002
049       $a CUHI
100  1    $a Elver, Hilal.
245  10   $a Peaceful uses of international rivers : $b the Euphrates and Tigris Rivers dispute / $c Hilal Elver.
260       $a Ardsley, NY : $b Transnational Publishers, $c 2002.
300       $a xxxvii, 504 p. ; $c 25 cm.
440   0   $a Innovation in international law
500       $a CUH: OUTPUT 590 LIBRARY LACKS: v.2 AS 852 $3
505  2    $a The rise and fall of ancient fluvial societies : lessons to be learned -- A historical and comparative approach to water law principles -- New hyrdropolitics in the 21st century -- Creation of modern international law and international watercourses in state treaty practices -- From customary law to a global convention -- Judicial efforts -- The innovative approach : converging trends in international law -- The Middle East and water conflicts -- Water conflict in the Euphrates and Tigris Rivers basin.
590   0   $a LIBRARY LACKS: v.2
650   0   $a Water rights (International law)
651   0   $a Euphrates River.
651   0   $a Tigris River.
945       $a STATS CATS://MN//01//XX//ED//
949       $a *recs-b;ov-o;
994       $a 02 $b CUH

Record 55
