LDR  00808cam  2200241Ia 45  
001  ocm38570477 
003  OCoLC
005  20020304112213.0
008  980309s1997    cauab         001 0 eng d
050       $a GR654 $b .C16
090       $a 317.94 $b C128, 1997
099   9   $a G4081 (099 1ST $a) $a N7 (2ND $a)
049       $a WCAA $a WCAL
110  1    $a California. $b Dept. of Finance.
245  10   $a California statistical abstract : $b 1997 / $c California Department of Finance.
250       $a 38th ed.
260       $a Sacramento, Calif. : $b Dept. of Finance, $c 1997.
300       $a xvii, 203 p. ; $c 28 cm.
500       $a WCA: DON'T OUTPUT 852 FROM LOCATION WCAL
500       $a WCA: USE LC CALLNUM SCHEME: OUTPUT 099 $a's AS 852 $j
651   0   $a California $x Economic conditions $v Statistics.
651   0   $a California $v Statistics.
994       $a 01 $b WCA

Record 56
