LDR  01009nas  2200253Ia 45  
001  ocm49245567 
003  OCoLC
005  20020305192623.0
008  020305c19uu9999cauar     r   0    0eng d
050       $a AB123 (050) $b .P21
090   9   $a G402 (090 1ST $a) $a W-4 (090 2nd $a)
049       $a [***]WCAA[Deep][Water][Storage]
110  2    $a California Rural Water Association.
245  10   $a Membership directory / $c California Rural Water Association.
260       $a [Sacramento : $b The Association],
300       $a v. ; $c 14 x 23 cm.
500       $a WCA: OUTPUT Lib. Has: 590 AS 852 $3 AFTER STRIPPING PREFIX; OUTPUT OTHER 590 AS 852 $z.
500       $a WCA SERIAL: USE LC CALLNUM SCHEME: OUTPUT 852 $j FROM 090 $a's.
500       $a WCA SERIAL: OUTPUT 049 BRACKETED INFO. '****' AS 852 $k; OTHER AS '$m'
590       $a Lib. Has: v. 12-14, 1951-1953
590       $a Gift of the Naiad Society (590).
610  20   $a California Rural Water Association $v Directories.
650   0   $a Water utilities $z California $v Directories.
994       $a 01 $b WCA

Record 57
