LDR  01085nam  2200265Ka 45  
001  ocm49251919 
003  OCoLC
005  20020306113212.0
008  020306s1977    cauab    b    000 0 eng d
060       $a callnum from 060
086       $a callnum from 086
050       $a 050 1stA $a 2ndA $a 3rdA
049       $a WCAA
245  00   $a Water conservation, reuse and supply plan for the San Francisco Bay Region / $c prepared by J.B. Gilbert & Associates ; [for] Association of Bay Area Governments.
246  1    $i At head of title: $a Draft final report
260       $a [Berkeley, Calif. : $b J.B. Gilbert & Associates, $c 1977]
300       $a 1 v. (various pagings) : $b ill., map ; $c 28 cm.
500       $W CA: USE LC CALLNUM SCHEME: MOVE 1ST 050 $a TO 852 $j.
504       $a Includes bibliographical references.
650   0   $a Water conservation $z California $z San Francisco Bay Area.
650   0   $a Water-supply $z California $z San Francisco Bay Area.
650   0   $a Water reuse $z California $z San Francisco Bay Area.
710  2    $a J.B. Gilbert & Associates.
710  2    $a Association of Bay Area Governments.
994       $a 01 $b WCA

Record 58
