LDR  00803nam  2200229Ka 45  
001  ocm49251972 
003  OCoLC
005  20020306113829.0
008  020306s2000    caua          000 0 eng d
040       $a WCA $c WCA
099   9   $a 91.1 $a P-4
049       $a WCAX
245  00   $a Pacific coastal salmonid conservation and recovery initiative : $b California's perspective.
260       $a [Sacramento? : $b California Dept. of Conservation?, $c 2000]
300       $a 12 p. : $b ill. ; $c 22 x 28 cm.
500       $a WCA: REC HAS UNKNOWN LOCATION CODE; ADD 998 FIELD WITH ERROR MESSAGE.
500       $a "Fiscal year 2000."
650   0   $a Pacific salmon $x Habitat.
650   0   $a Fishery conservation $z California $z Pacific Coast.
650   0   $a Water quality management $z California.
650   0   $a Stream restoration $z California.
994       $a 01 $b WCA

Record 60
