LDR  01228nam  2200301Ka 45  
001  ocm49251993 
003  OCoLC
008  020306s2001    bccab    b    000 0 eng d
040       $a WCA $c WCA
043       $a n-cn-bc
099   9   $a G120 $a P1
049       $a WCAA
245  00   $a River recovery : $b restoring rivers and streams through dam decommissioning and modification.
246  30   $a Restoring rivers and streams through dam decommissioning and modification
246  17   $a River recovery project, final report
260       $a [Vancouver, B.C.?] : $b Outdoor Recreation Council of BC, $c [2001]
300       $a vi, 2-47 leaves : $b ill., map ; $c 28 cm.
500       $a Cover title.
500       $a "July 2001."
500       $a "Project supported and funded by: Outdoor Recreation Council of British Columbia, Donner Canadian Foundation, BCIT."
500       $a WCA: RECORD LACKS 005; CREATE 005 FROM FILEDATE PARM.
504       $a Includes bibliographical references.
650   0   $a Stream restoration $z Canada $z British Columbia.
650   0   $a Dam retirement $z Canada $z British Columbia.
710  2    $a Outdoor Recreation Council of British Columbia.
710  2    $a Donner Canadian Foundation.
710  2    $a British Columbia Institute of Technology.
994       $a 01 $b WCA

Record 61
