LDR  00963nam  2200265Ia 45  
001  ocm49331743 
003  OCoLC
005  20020318123506.0
008  020316s1915    xx a          000 0 eng d
040       $a CBT $c CBT
043       $a n-us---
050       $a Z7164.T8 (050) $a C15 $a no.10
090       $a Z7164.T8 (090) $b C15 no.10
099       $a 15-2 (099 $a)
049       $a CBTp
100  1    $a Beveridge, Albert J.
245  14   $a The Lincoln Highway / $c by Albert J. Beveridge.
500       $a CBT: HAS 099, 090, 050 - OUTPUT CALL NUM FROM 099 $a TO 852$j (04/02).
500       $a LOC CODE IN 049 IS "CBTp" - OUTPUT AS ALL CAPS IN 852 $b.
650   0   $a Roads $z United States $x History $y 20th century.
650   0   $a Roads $z United States $x Design and construction $x History $y 20th century.
651   0   $a Lincoln Highway $x History $y 20th century.
773  0    $7 nnas $t Saturday Evening Post. $g Vol. 187, no. 38 (Mar. 20, 1915) p. 9-10, 69-70, 72-74. $w (OCoLC)1916574
949       $z tris
994       $a 01 $b CBT

Record 62
