LDR  00752nam  2200229Ia 45  
001  ocm49331746 
003  OCoLC
005  20020318123624.0
008  020316s1915    xx a          000 0 eng d
040       $a CBT $c CBT
043       $a n-us---
050       $a Z7164.T8.C15 no.9 (050)
090       $a Z7164.T8 (090 $a) $b C15 no.9 (090 $b)
049       $a CBTp
100  1    $a Payne, Will.
245  14   $a The jitney juggernaut / $c by Will Payne.
500       $a CBT: HAS 050, 090, NO 099 - OUTPUT CALL NUM FROM 090 $a $b TO 852 $h $i (04/02).
650   0   $a Paratransit services $z United States $x History $y 20th century.
650   7   $a jitneys $2 trt
773  0    $7 nnas $t Saturday Evening Post. $g Vol. 187, no. 44 (May 1, 1915) p. 8, 65-66. $w (OCoLC)1916574
949       $z tris
994       $a 01 $b CBT

Record 63
