LDR  01278nam  2200301Ia 45  
001  ocm49201181 
003  OCoLC
005  20020318131958.0
008  020226s2001    flua     b    000 0 eng d
040       $a TRL $c TRL $d CBT
043       $a n-us-fl
050       $a HE336.T7 (050 1ST $a) $a 2ND$a $b M53 2001 (1ST $b) $b 2ND$b
049       $a CBTM
245  00   $a Miami-Dade County Transportation Management Center (TMC) functionality study.
260       $a Tampa, Fla. : $b Center for Urban Transportation Research, University of South Florida, $c [2001]
300       $a 59 leaves : $b ill. ; $c 28 cm.
513       $a Final report.
500       $a CBT: HAS 050 ONLY - OUTPUT CALL NUM FROM 1ST $a AND 1ST $b OF 050 TO 852 $h $i (04/02).
500       $a Performed for Miami-Dade Metropolitan Planning Organization.
500       $a "December 2001."
504       $a Includes bibliographical references (leaves 59-60).
610  10   $a Miami-Dade County (Fla.). $b Transportation Management Center $x Evaluation.
650   0   $a Traffic flow $z Florida $z Miami $x Management.
650   0   $a Traffic flow $z Florida $z Dade County $x Management.
710  2    $a University of South Florida. $b Center for Urban Transportation Research.
710  2    $a Metropolitan Planning Organization (Miami-Dade County, Fla.)
949       $z tris
994       $a 01 $b CBT

Record 64
