LDR  01070nas  2200289Ia 45  
001  ocm48963538 
003  OCoLC
005  20020208193645.0
008  020208c20029999caumr p       0   a0eng d
040       $a CBT $c CBT
037       $b Bay Crossings, PO Box 747, Alameda CA 94501
043       $a n-us-ca
099       $a See journal
049       $a CBTj $a CBTc
245  00   $a San Francisco Bay and New York Harbor crossings
246  30   $a Crossings
260       $a Alameda, CA : $b Bay Crossings, $c 2002-
300       $a v. : $b ill. ; $c 35 cm.
362  0    $a Vol. 3, no. 1 (Feb. 2002)
590       $a Only copy kept in Reference. (1st 590).
590       $a Library has: Feb. 2002. (2nd 590)
500       $a CBT: 1ST 590 DOES NOT CONTAIN HOLDINGS INFO, OUTPUT AS 852 $z IN ALL 852'S (04/02).
500       $a 2ND 590 BEGINS "Library has:" - STRIP PREFIX, OUTPUT AS 852 $3 IN THE 1ST 852 OUTPUT.
650   0   $a Ferries $z California $z San Francisco Bay $v Periodicals.
650   0   $a Ferries $z New York Harbor (N.Y. and N.J.) $v Periodicals.
780  00   $t San Francisco Bay crossings $w (OCoLC)48963526
994       $a 02 $b CBT

Record 65
