LDR  00810cas  2200253Ia 45  
001  ocm48963526 
003  OCoLC
005  20020208193937.0
008  020208d20002001caumr p       0   a0eng d
040       $a CBT $c CBT
037       $b Bay Crossings, PO Box 747, Alameda CA 94501
043       $a n-us-ca
049       $a CBTM
245  00   $a San Francisco Bay crossings.
246  30   $a Bay crossings
260       $a Alameda, CA : $b Bay Crossings,
300       $a v. : $b ill. ; $c 35 cm.
362  1    $a Began in 2000?
362  0    $a -v. 2, no. 12 (Jan. 2002)
500       $a CBT: 590 BEGINS "Lib. has:" - STRIP PREFIX & OUTPUT AS 852 $3 (04/02).
590       $a Lib. has: Feb. 2002.
650   0   $a Ferries $z California $z San Francisco Bay $v Periodicals.
785  00   $t San Francisco Bay and New York Harbor crossings $w (OCoLC)48963538
994       $a 01 $b CBT

Record 66
