LDR  00883nam  2200229Ia 45  
001  ocm12761327 
008  851105s1985    xx            00010 ger d
005  19851105162351.0
040       $c CBT
043       $a e-ge---
099       $a See $a journal
049       $a CBTj
100  10   $a Janetzki, Georg.
242  00   $a Data collection for urban mass transit in the city of Leipzig : $b selected results. $y eng
245  00   $a Erhebungen zum èoffentlichen Personennahverkehr in der Stadt Leipzig : $b ausgewèahlte Ergebnisse / $c Georg Janetzki, Gerd Johne, Axel-P. Teichert.
300       $a p. 205-207 ; $c 30 cm.
500       $a CBT: HAS 653 FIELD WITH 1 $a - OUTPUT 1 690 WITH 2ND IND = "7", UPPERCASE 1ST LETTER OF $a & OUTPUT TO THE 690 $a; CREATE $2 WITH CONTENTS "TRIS" (04/02).
653       $a data collection (653 FLD)
700  10   $a Johne, Gerd.
700  10   $a Teichert, Axel-P.
949       $z tris
994       $a 01 $b CBT

Record 67
