LDR  01292nam  2200277Ia 45  
001  ocm12769884 
008  851107s1985    dcu      b    00000 eng d
005  19851107124021.0
040       $c CBT
049       $a CBTM
090       $a HV3022.A12 $b U68 1985
245  00   $a UMTRIS selections pertaining to transportation disadvantaged (92 selections).
260  0    $a [Washington, D.C. : $b National Research Council, Transportation Research Board, $c 1985]
300       $a p. 8-99 ; $c 28 cm.
500       $a CBT: 1ST 653 FIELD HAS 3 $a'S - OUTPUT 3 690'S WITH 2ND IND = "7", UPPERCASE 1ST LETTER OF EACH $a & OUTPUT TO ITS OWN 690 $a; CREATE $2 WITH CONTENTS "TRIS" FOR EACH 690. (04/02).
500       $a 2ND 653 FIELD HAS 1 $a - OUTPUT 1 NEW 690 WITH 2ND IND = "7", UPPERCASE 1ST LETTER OF THE $a AND OUTPUT TO 690 $a; CREATE $2 WITH CONTENTS = "TRIS".
500       $a "June/July 1985."
650   0   $a Handicapped $x Transportation $x Bibliography.
650   0   $a Aged $x Transportation $x Bibliography.
650   0   $a Poor $x Bibliography.
653       $a transportation disadvantaged $a second subfield $a third subfield
653       $a second 653 fld.
710  20   $a National Research Council (U.S.). $b Urban Mass Transportation Research Information Service.
740  01   $a Transportation disadvantaged.
949       $z tris
994       $a 01 $b CBT

Record 68
