LDR  00914cam  2200277I  45  
001  ocm04542068 
003  OCoLC
005  20020318150815.0
008  790111s1955    cauabe   b    000 0 eng  
010       $a    57034258 
040       $a DLC $c FDA $d FDA $d OCL $d CBT
019       $a 19758194
043       $a n-us-ca
090       $a NA9127.B48 $b B48 1955
049       $a CBTM
245  00   $a Berkeley master plan, 1955.
260       $a [Berkeley, Calif. : $b Berkeley City Council?, $c 1955?]
300       $a 111 p. : $b ill., col. maps ; $c 28 cm.
500       $a CBT: 949 HAS $r - OUTPUT PIECE NUMBER (RLF NUM) IN 852 $p (04/02).
500       $a Col. folded map inserted at end.
504       $a Includes bibliographical references (p. 111).
650   0   $a City planning $z California $z Berkeley.
710  1    $a Berkeley (Calif.). $b City Planning Commission.
710  1    $a Berkeley (Calif.) $b City Council.
949       $z tris $r CBT12345 (949 $r)
994       $a 01 $b CBT

Record 69
