LDR  00848nas  2200265Ia 45  
001  ocm48963526 
003  OCoLC
005  20020208192952.0
008  020208d20002001caumr p       0   a0eng d
040       $a CBT $c CBT
037       $b Bay Crossings, PO Box 747, Alameda CA 94501
043       $a n-us-ca
099       $a See journal
049       $a CBTj,cbtr
245  00   $a San Francisco Bay crossings.
246  30   $a Bay crossings
260       $a Alameda, CA : $b Bay Crossings,
300       $a v. : $b ill. ; $c 35 cm.
362  1    $a Began in 2000?
362  0    $a -v. 2, no. 12 (Jan. 2002)
590       $a Library lacks: Dec. 2001.
500       $a CBT: 590 BEGINS "LIBRARY LACKS:" - OUTPUT $a AS IS IN 852 $3 OF 1ST 852 OUTPUT (04/02).
650   0   $a Ferries $z California $z San Francisco Bay $v Periodicals.
785  00   $t San Francisco Bay and New York Harbor crossings
994       $a 02 $b CBT

Record 70
