LDR  00723cas  2200241I  45  
001  ocm31396169 
003  OCoLC
005  20020207114015.0
008  941102u1947uuuunyu x m       0    0eng d
040       $a OSU $c OSU $d CBT
090       $a HE369.A1 $b B4
049       $a CBTM $a CBTZ
245  00   $a Beecroft memorial lecture.
246  14   $a SAE David Beecroft memorial lecture
260       $a New York, $c 1947-
300       $a v. : $b ill. ; $c 22 cm.
362  0    $a no. 1-
500       $a CBT: 590 BEGINS "LIB HAS" - STRIP PREFIX, OUTPUT AS 852 $3 IN 1ST 852 (04/02).
590       $a Lib has: Feb. 2002. 
650   0   $a Traffic safety $v Periodicals.
650   0   $a Traffic accidents $v Periodicals.
710  2    $a Society of Automotive Engineers.
994       $a 02 $b CBT

Record 71
