LDR  01410nam  2200301Ia 45  
001  ocm49343012 
003  OCoLC
005  20020319142928.0
008  020319s2001    ja a     b    100 0 eng d
040       $a QCE $c QCE
050   4   $a TA160.4 $b .R44 2002:1
090       $a TA492.C7 $b P4x
099       $a 500 (099 1ST $a) $a M26 (2ND $a) $a 2000 (3RD $a)
049       $a QCEA
111  2    $a Management Panel on Collaboration Research Activities about Building Structural Engineering between JRC-ISIS & JBRI $n (5th : $d 2000 : $c Tsukuba, Japan)
245  14   $a The 5th Management Panel on Collaboration Research Activities about Building Structural Engineering between JRC-ISIS & JBRI : $b 17-18 May 2000 at Tsukuba City, Japan / $c edited by Mizuo Inukai.
260       $a Tsukuba, Japan : $b Building Research Institute, Ministry of Construction, $c c2001.
300       $a iii, 321 p. : $b ill. ; $c 30 cm.
490  1    $a BRI proceedings, $x 1341-2930 ; $v no. 9
500       $a QCE: HAS 099, 090, 050, USE 099 FOR CALL NUM - OUTPUT MULTIPLE $a'S AS SINGLE 852 $j (04/02).
504       $a Includes bibliographical references.
650   0   $a Structural engineering $z Japan $v Congresses.
650   0   $a Structural engineering $z Europe $v Congresses.
700  1    $a Inukai, Mizuo.
710  2    $a Kensetsushåo Kenchiku Kenkyåujo (Japan)
710  2    $a Commission of the European Communities. $b Joint Research Centre.
830   0   $a BRI proceedings ; $v no. 9.
994       $a 01 $b QCE

Record 72
