LDR  01092nam  2200313Ia 45  
001  ocm49343022 
003  OCoLC
005  20020319143018.0
008  020319s2002    cau           001 0deng d
010       $a   2001054499
040       $a QCE $c QCE
020       $a 0943198127 (alk. paper)
043       $a n-us-ca
050   4   $a TA160.4 $b .R44 2002:1
090       $a TA492.C7 $b P4x
049       $a QCEA
100  1    $a Popov, E. P. $q (Egor Paul), $d 1913-
245  10   $a Egor P. Popov / $c Stanley Scott, interviewer ; editor, Gail H. Shea.
260       $a Oakland, CA : $b Earthquake Engineering Research Institute, $c c2002.
300       $a xvii, 104 p. : $b ill. ; $c 25 cm.
440   0   $a Connections: the EERI oral history series ; $v 9
500       $a QCE: HAS 090, 050, NO 099 - DO NOT OUTPUT CALL NUM (04/02).
600  10   $a Popov, E. P. $q (Egor Paul), $d 1913- $v Interviews.
650   0   $a Civil engineers $z California $v Interviews.
650   0   $a Earthquake engineering $z California $x History.
700  1    $a Scott, Stanley, $d 1921-
700  1    $a Shea, Gail H.
710  2    $a Earthquake Engineering Research Institute.
994       $a 01 $b QCE

Record 73
