LDR  01033ctm  2200265Ma 45  
001  ocm47262564 
003  OCoLC
005  20020319143133.0
008  000419s2000    cau           000 0 eng d
040       $a CUY $c CUY $d OCL $d QCE
099       $a 517.25 (1ST 099) $a N24 $a 2000
099       $a 517.25 (2ND 099 $a) $b N24 2000 (2ND 099 $b)
049       $a QCEA
100  1    $a Naito, Clay J.
245  10   $a Experimental and computational evaluation of reinforced concrete bridge beam-column connections for seismic performance / $c by Clay Joshua Naito.
260       $c 2000.
300       $a xv, 221 leaves : $b ill. (some col.) ; $c 28 cm.
500       $a QCE: HAS 2 099 FIELDS - OUTPUT 2ND 099 $a $b TO 852 $h $i (04/02).
504       $a Includes bibliographical references (leaves 196-199).
650   0   $a Bridges, Concrete $x Earthquake effects.
650   0   $a Earthquake engineering $x Research.
650   0   $a Reinforced concrete construction
650   0   $a Joints (Engineering)
710  2    $a University of California Berkeley. $b Dept. of Civil Engineering.
994       $a 01 $b QCE

Record 74
