LDR  01173nam  2200301Ka 45  
001  ocm49343071 
003  OCoLC
005  20020319143518.0
008  020319s2001    es           i000 0 spa d
040       $a QCE $c QCE
099       $a X
049       $a QCEA
245  00   $a Memoria, Lecciones aprendidas de los terremotos del 2001 en El Salvador, sector salud / $c Jorge J. Jenkins, editor.
246  10   $a Lecciones aprendidas de los terremotos del 2001 en El Salvador
246  30   $a Terremotos del 2001 en El Salvador
260       $a San Salvador : $b OPS/OMS, $c 2001.
300       $a 124 p. : $b ill. ; $c 28 cm.
500       $a QCE: 099 HAS 1 $a, WITH ONLY "X" - DO NOT OUTPUT CALL NUM (04/02).
500       $a "Una publicaciâon de la Representaciâon de OPS/OMS en El Salvador."
500       $a "San Salvador, El Salvador, 4-5 de julio de 2001"--Cover.
650   0   $a Earthquakes $z El Salvador.
650   0   $a Disaster relief $z El Salvador.
650   0   $a Public health $z El Salvador.
650   0   $a Emergency management $z El Salvador.
700  1    $a Jenkins, Jorge J.
710  2    $a World Health Organization
710  2    $a United Nations Development Programme. $b Office for Project Services.
994       $a 01 $b QCE

Record 76
