LDR  01074nam  2200265Ia 45  
001  ocm48801472 
003  OCoLC
005  20020116203026.0
008  020116s2001    gw a     b    001 0dger d
040       $a CAW $c CAW
043       $a e-gw---
090       $a QH149.2 $b .A76 1992
050  00   $a QH149 $b .A64 1996
099       $a QH149 (099$a) $a .A34 (2ND $a) $a v. (3RD $a) $a 63:4 (4TH $a)
049       $a [Serials]CAWA $l exch.
100  1    $a Wagener, S. $q (Sigbert)
245  14   $a Die Grossschmetterlinge von Elten bei Emmerich / $c Sigbert Wagener.
260       $a Mèunster [Germany] : $b Westfèalisches Museum fèur Naturkunde : $b Landschaftsverband Westfalen-Lippe, $c 2001.
300       $a 212 p. : $b ill. ; $c 25 cm.
440   0   $a Abhandlungen aus dem Westfèalischen Museum fèur Naturkunde, $x 0175-3495 ; $v 63. Jahrg., Heft 4
500       $a CAW: LOC CODE IS NOT "CAWB"; HAS 099, 090, 050 - OUTPUT CALL NUM FROM MULTIPLE 099 $a'S TO SINGLE 852 $j (04/02).
650   0   $a Butterflies $z Germany $z Elten Region.
600  10   $a Spaarmann, Carl, $d 1897-1977.
650   0   $a Entomologists $z Germany $v Biography.
994       $a 01 $b CAW

Record 77
