LDR  01372nam  2200277Ia 45  
001  ocm30531969 
003  OCoLC
005  20020319140504.0
008  940601s1993    nyu      b    000 0 eng d
040       $a CAW $c CAW
050  00   $a HC79.E5 $b .O53 1996
090       $a HC79.E5 (090 $a) $b O53 1993 (090 $b)
049       $a CAWA
245  00   $a One year after Rio : $b keeping the promises of the Earth Summit : a country-by-country progress report / $c Earth Summit Watch National Implementation Survey Team ; S. Jacob Scherr, survey coordinator ; Barrett Frelinghuysen, Rob Born, New York coordinators ; Jared E. Blumenfeld, Michelle Benedict Nowlin, editors, Washington coordinators.
250       $a Special 1st ed.
260       $a [New York, NY] : $b Natural Resources Defense Council, $c [c1993]
300       $a xi, 157 p. ; $c 28 cm.
500       $a CAW: LOC CODE NOT CAWB; HAS 090, 050, NO 099 - OUTPUT CALL NUM FROM 090 $a $b TO 852 $h $i (04/02).
504       $a Includes bibliographical references.
611  20   $a United Nations Conference on Environment and Development $d (1992 : $c Rio de Janeiro, Brazil)
650   0   $a Environmental law, International.
650   0   $a Economic development $x Environmental aspects.
700  1    $a Scherr, S. Jacob, $d 1948-
710  2    $a Natural Resources Defense Council.
710  2    $a Earth Summit Watch (Project). $b National Implementation Survey Team.
994       $a 01 $b CAW

Record 78
