LDR  01430cam  2200349Ia 45  
001  ocm26985602 
003  OCoLC
005  20020319140707.0
008  921117s1992    nyua     b    000 0 eng d
040       $a DMM $c DMM $d AGF $d SDF $d MLX $d AGL $d OCL $d OCLCQ $d CAW
020       $a 0393309746 (pbk.) : $c $10.95
070  0    $a HC79.E5B76 $b 1992
072   0   $a X700 $a P000
092       $a 333.7 (092 $a) $b V836 (092 $b)
090       $a HC79.E5 (1ST 090 $a) $b B76 (1ST 090 $b)
090       $a TD193.2 (2ND 090 $a) $b .B76 1992 (2ND 090 $b)
049       $a CAWA $a CAWB $a CAWF $a CAWA
100  1    $a Brown, Lester Russell, $d 1934-
245  10   $a Vital signs 1992 : $b the trends that are shaping our future / $c Lester R. Brown, Christopher Flavin, Hal Kane ; editor Linda Starke.
250       $a 1st ed.
260       $a New York : $b W.W. Norton, $c 1992.
300       $a 131 p. : $b ill. ; $c 24 cm.
440   0   $a Worldwatch environmental alert series
500       $a CAW: 4 LOC CODES, 3 UNIQUE - OUTPUT 3 852'S.  2ND LOC IS "CAWB" - OUTPUT CALL NUM FROM 092 $a $b TO 852 $h $i FOR THAT 852 (04/02).
500       $a 2 NON-"CAWB" LOCS - USE 2ND 090 FOR CALL NUM - OUTPUT $a $b TO 852 $h $i.
650   0   $a Economic development $x Environmental aspects.
650   0   $a Environmental impact analysis.
650   0   $a Nature $x Effect of human beings on $x Forecasting.
650   0   $a Consumption (Economics) $x Forecasting.
700  1    $a Flavin, Christopher.
700  1    $a Kane, Hal.
994       $a 01 $b CAW

Record 79
