LDR  01477cam  2200313Ia 45  
001  ocm39155014 
003  OCoLC
005  20020319141555.0
008  980521s1998    nyua          000 0 eng d
040       $a MSO $c MSO $d UKM $d OCL $d CAW
015       $a GB98-43741
020       $a 0393317625 (pbk)
082  04   $a 363.7 $2 21
090       $a HD75.6 (090 $a) $b .B76 1998 (090 $b)
049       $a CAWB, CAWC, CAWE
100  1    $a Brown, Lester Russell, $d 1934-
245  10   $a Vital signs 1998 : $b the environmental trends that are shaping our future / $c Lester R. Brown, Michael Renner, Christopher Flavin ; editor, Linda Starke.
260       $a New York : $b Norton, $c 1998.
300       $a 207 p. : $b ill. ; $c 24 cm.
500       $a CAW: 3 LOCS INC. "CAWB" - HAS 090, NO 092, 099, 050 - FOR "CAWB", OUTPUT "Unclassified" in 852 $j.  FOR OTHER 2 LOCS, USE 090 $a $b (04/02).
505  00   $t Food trends. $t Agricultural resource trends. $t Energy trends. $t Atmospheric trends. $t Economic trends. $t Transportation trends. $t Environmental trends. $t Social trends. $t Military trends. $t Environmental features. $t Economic features. $t Social features. $t Military features.
650   0   $a Economic development $x Environmental aspects.
650   0   $a Environmental impact analysis.
650   0   $a Nature $x Effect of human beings on $x Forecasting.
650   0   $a Consumption (Economics) $x Forecasting.
653  0    $a Economic conditions $a Related to $a Environment
700  1    $a Renner, Michael.
700  1    $a Flavin, Christopher.
994       $a 02 $b CAW

Record 80
