LDR  00981nam  2200265Ka 45  
001  ocm33154505 
003  OCoLC
005  20020319141705.0
008  950919s1995    xxu           000 0 eng d
040       $a EJB $c EJB $d CAW
043       $a n-us---
090       $a x
049       $a CAWA
245  00   $a Stealth attack : $b gutting environmental protection through the budget process / $c principal authors, Sharon Buccino, Scott Surovell ; contributing authors, Sarah Chasis ... [et al.].
260       $a [S.l.] : $b Natural Resources Defense Council, $c c1995.
300       $a vi, 37 p. ; $c 28 cm.
440   0   $a NRDC briefing paper
500       $a CAW: NO 099, 050, 090 = 'x' - OUTPUT "Unclassified" IN 852 $j (04/02).
610  10   $a United States. $b Environmental Protection Agency $x Budget.
650   0   $a Environmental protection $z United States $x Finance.
700  1    $a Buccino, Sharon.
700  1    $a Surovell, Scott.
700  1    $a Chasis, Sarah.
710  2    $a Natural Resources Defense Council.
994       $a 01 $b CAW

Record 81
