LDR  01157cam  2200313 a 45  
001  ocm36900683 
003  OCoLC
005  20020319152714.0
008  961115s1996    dcu      b    000 0 eng  
010       $a    96219515 
040       $a DLC $c DLC $d CAW
019       $a 35922828
020       $a 1884122159
050  00   $a GE170 $b .O64 1996
082  00   $a 363.7/0526 $2 21
049       $a [Serials]CAWA[Locked] $v 4-
245  00   $a Operational strategy of the Global Environment Facility.
246  30   $a Operational strategy
260       $a Washington, D.C. : $b The Facility, $c c1996.
300       $a viii, 71 p. ; $c 28 cm.
500       $a CAW: HAS CALL NUM STAMP BEFORE LOC ("Serials") AND AFTER LOC ("Locked") - IGNORE STAMP AFTER LOC, OUTPUT STAMP BEFORE LOC IN 852 $m (04/02).
610  20   $a Global Environment Facility.
650   0   $a Environmental policy $x International cooperation.
650   0   $a Biodiversity $x International cooperation.
650   0   $a Climatic changes $x International cooperation.
650   0   $a Territorial waters $x International cooperation.
650   0   $a Ozone layer depletion $x International cooperation.
710  2    $a Global Environment Facility.
994       $a 01 $b CAW

Record 82
