LDR  01279cam  2200325 a 45  
001  ocm36923190 
003  OCoLC
005  20020319152743.0
008  970221s1990    lu a     b    000 0 eng  
010       $a    97118128 
040       $a DLC $c DLC $d BOP $d ILK $d SLU $d AGX $d IXA $d IPL $d CAW
019       $a 22502220
020       $a 928261414X
020       $a 928261414X
043       $a e------
050  00   $a GE190.E85 $b E57 1990
072   0   $a W000 $a D500
082  00   $a 363.7/0094 $2 21
049       $a [M.P.]CAWA $a [S.C.]CAWD $a [BOp]CAWE
245  00   $a Environmental policy in the European Community.
250       $a 4th ed.
260       $a Luxembourg : $b Office for Official Publications of the European Communities, $c 1990.
300       $a 60 p. : $b ill. ; $c 23 cm.
490  1    $a European documentation ; $v 5/1990
500       $a CAW: 1ST LOC HAS STAMP BEFORE LOC CODE - EXPAND "M.P." TO "Morrison Planetarium" & OUTPUT TO 852 $m (04/02).
500       $a 2ND LOC HAS STAMP BEFORE LOC CODE - EXPAND "S.C." TO "Special Collections" & OUTPUT TO 852 $m.
500       $a 3RD LOC HAS 1 STAMP BEFORE LOC CODE - EXPAND "BOp" TO "Building Operations" & OUTPUT TO 852 $m (04/02).
650   0   $a Environmental policy $z European Economic Community countries.
830   0   $a European documentation ; $v periodical 90/5.
994       $a 01 $b CAW

Record 83
