LDR  01270nas  2200313Ia 45  
001  ocm48808196 
003  OCoLC
005  20020117185732.0
008  020117c19949999wau x m       0   a0eng d
040       $a CAW $c CAW
043       $a n-us-wa $a n-us-or $a n-cn-bc
099       $a CAT. $a AS $a SEPS.
049       $a [Location][Varies]CAWA $v <1, 4-6 (049 $v)> $a CAWD $m <2> $l gift: M. Renaker
245  00   $a NEW report.
246  3    $a Northwest Environment Watch report
260       $a Seattle, Wash. : $b Northwest Environment Watch, $c [1994-
300       $a v. : $b ill., maps ; $c 22 cm.
310       $a Irregular
362  0    $a No. 1-
500       $a CAW: 1ST LOC IN 049 HAS CALL NUM STAMP, HOLDINGS IN $v - OUTPUT STAMP TO 852 $m; OUTPUT $v AS 852 $3 (04/02).
500       $a 2ND LOC IN 049 HAS $m ONLY - OUTPUT 852 $3 AS "Library lacks: " FOLLOWED BY DATA IN $m.
500       $a OUTPUT 3 590'S AS SEPARATE 852 $z FOR ALL 852'S.
590       $a Library has: no.<1, 4-6> (590 FLD)
590       $a Copy 1 (claimed): Mailliard Serials QL309 .I56 no.172 (590 FLD)
590       $a Copy 2: Herp. QL668.A6 P53 1999 (590 FLD)
651   0   $a Northwest, Pacific $x Environmental conditions.
650   0   $a Environmental protection $z Northwest, Pacific.
710  2    $a Northwest Environment Watch (Organization)
994       $a 01 $b CAW

Record 84
