LDR  02809cas  2200493 a 45  
001  ocm39848596 
003  OCoLC
005  20020320164355.0
008  980910c19989999enkbr p       0    0eng d
010       $a    98641136  $z sn 98030253 
040       $a VXG $c VXG $d GUA $d EYM $d NYG $d DLC $d CAS $d AGL $d NSD $d UMC $d OCL $d MYG $d SYS $d OCL $d CAW
012       $i 9810 $k 1 $m 0
022       $a 1366-9516
030       $a DIDIFX
037       $b Blackwell Science Ltd, Journal Subscriptions, PO Box 88, Oxford OX2 0NE. U.K.
042       $a lc
090       $a QH75.A1 $b D58
049       $a [Serials]CAWA $v 4- $y 1998- $m v.2, no.3 $a CAWD
245  00   $a Diversity & distributions.
246  3    $a Diversity and distributions
260       $a Oxford, U.K. : $b Blackwell Science, $c c1998-
300       $a v. : $b ill. ; $c 25 cm.
310       $a Bimonthly
362  0    $a Vol. 4, no. 1 (Jan. 1998)-
500       $a CAW: 1ST LOC IN 049 HAS $v $y $m - CONCATENATE $v & $y, SEPARATING BY ", ", THEN ADD "; Library lacks: " FOLLOWED BY $m AND OUTPUT IN 852 $3 (04/02).
500       $a 2ND LOC HAS NO HOLDINGS INFO, DO NOT OUTPUT 852 $3.
520       $a "A journal of biological invasions and biodiversity."
530       $a Also available to subscribers via the World Wide Web from OCLC FirstSearch Electronic Collections Online and Synergy.
580       $a Companion publication to: Journal of biogeography; Global ecology and biogeography letters, 1998; and: Global ecology and biogeography, 1999-
650   0   $a Biological diversity $v Periodicals.
650   0   $a Biological diversity conservation $v Periodicals.
776  1    $t Diversity & distributions (Online) $w (OCoLC)43066124
776  1    $t Diversity & distributions (Online : Synergy) $w (DLC)   00242276 $w (OCoLC)44974464
780  00   $t Biodiversity letters $x 0967-9952 $w (DLC)   94645017 $w (OCoLC)28698695
787  1    $t Journal of biogeography $x 0305-0270 $w (DLC)   75640198 $w (OCoLC)2240360
787  1    $t Global ecology and biogeography letters $x 0960-7447 $w (DLC)   91644006 $w (OCoLC)23156550
787  1    $t Global ecology and biogeography $w (DLC)sn 99050137 $w (OCoLC)42056750
850       $a DLC $a DNAL $a GU $a MdU $a MiU $a N
856  41   $u http://www.blackwell-synergy.com/issuelist.asp?journal=ddi
856  41   $u http://firstsearch.oclc.org $z Address for accessing the journal using authorization number and password through OCLC FirstSearch Electronic Collections Online. Subscription to online journal required for access to abstracts and full text
856  41   $u http://firstsearch.oclc.org/journal=1366-9516;screen=info;ECOIP $z Address for accessing the journal from an authorized IP address through OCLC FirstSearch Electronic Collections Online. Subscription to online journal required for access to abstracts and full text
891  33   $9 853 $8 1 $a v. $b no. $i (year)
891  40   $9 863 $8 1 $a <4> $b <1>- $i <1998> $x provisional
994       $a 02 $b CAW

Record 85
