LDR  01966cas  2200505 a 45  
001  ocm03460725 
003  OCoLC
005  20020320164628.0
008  771202c19639999is qxzp       0   a0eng d
010       $a sn 85006689 
040       $a COO $c COO $d HUL $d NYG $d MUL $d RCS $d AIP $d NSD $d NYG $d NST $d AGL $d NSD $d NST $d WAU $d CAW
012       $i 9002 $j P
016  7    $a I40400000 $2 DNLM
022       $a 0021-2210
030       $a IJZOAE
037       $b Laser Pages Pub. Ltd., P.O. Box 35409, Jerusalem 91353, Israel
041  0    $a engfreger
042       $a nsdp $a lcd
050  00   $a QL690.A1 (050) $b B385 1998
090       $a QL690.A1 (090) $b B385
092       $a 506 (092) $b Is7j
099       $a QL690.B37 (099)
049       $a [Serials]CAWB $v <18-46//> $y <1969-2000>
210  0    $a Isr. j. zool.
222   0   $a Israel journal of zoology
245  00   $a Israel journal of zoology.
260       $a Jerusalem, Israel : $b Weizmann Science Press of Israel, $c 1963-
300       $a v. : $b ill. ; $c 24 cm.
310       $a Four no. a year
362  0    $a Vol. 12, nos. 1-4 (Dec. 1963)-
500       $a CAW: LOC CODE IN 049 $a IS "CAWB", HAS 099, 090, 050, 092 - TAKE CALL NUM FROM 092 $a $b & OUTPUT TO 852 $h $i (04/02).
500       $a REMOVE CALL NUM SUFFIX FROM 049 $a & OUTPUT TO 852 $m.
500       $a TAKE HOLDINGS INFO FROM 049 $v $y, CONCATENATE TOGETHER SEPARATED BY ", " & OUTPUT TO 852 $3.
510  2    $a Biological abstracts $x 0006-3169
510  2    $a GeoRef $x 0197-7482
515       $a Some no. issued together.
525       $a Supplements accompany some volumes.
546       $a Articles in English, French, and German.
550       $a Issued by: National Council for Research and Development, 1963-
650   0   $a Zoology $x Periodicals.
710  2    $a Mo°atsah ha-le®umit le-meòhòkar ule-fituaòh (Israel)
780  00   $t Bulletin of the Research Council of Israel. Section B, Zoology $x 0375-9156 $w (DLC)sn 85064478 $w (OCoLC)1645336
850       $a NcD $a TxArU
936       $a Vol. 43, no. 2 (1997) LIC
994       $a 02 $b CAW

Record 86
