LDR  00838cam  2200217 a 45  
001  ocm34472681 
003  OCoLC
005  20020320170304.0
008  960312s1998    njuab    b    001 0 eng  
010       $a    96013626 
040       $a DLC $c DLC $d CAW
020       $a 0691027269
043       $a e------ $a ff----- $a aw-----
050  00   $a QL690.A1 $b B385 1998
049       $a [5 volume set]CAWK $l M&O $v 1-3, 5 $m 4
100  1    $a Beaman, Mark.
245  14   $a The handbook of bird identification : $b for Europe and the western Palearctic / $c Mark Beaman and Steve Madge.
260       $a Princeton, N.J. : $b Princeton University Press, $c c1998.
300       $a 868 p. : $b col. ill., col. maps ; $c 25 cm.
500       $a CAW: LOC IN 049 FOLLOWED BY $v $m - CREATE HOLDINGS BY CONCATENATING $v FOLLOWED BY "; Library lacks: " FOLLOWED BY $m AND OUTPUT TO 852 $3 (04/02).
994       $a 01 $b CAW

Record 87
