LDR  01089cas  22003257a 45  
001  ocm40604366 
003  OCoLC
005  20030117174758.0
008  990624c20009999gaumr1p       0   a0eng d
010       $a sn 98008795 
040       $a NSD $c NSD $d QCE
012       $l 1 $m 0
022  0    $a 1525-6251
037       $b Structural Engineer, 4005 Windward Plaza Dr., #580, Alpharetta, GA 30005
042       $a nsdp $a lcd
082  10   $a 624 $2 13
099       $a 500 $a S76
049       $a [Latest, first]QCEA $a QCER $a QCEZ
130  0    $a Structural engineering (Alpharetta, Ga.)
210  0    $a Struct. eng. $b (Alpharetta Ga.)
222   0   $a Structural engineering $b (Alpharetta, Ga.)
245  00   $a Structural engineering.
260       $a Alpharetta, GA : $b Civil Engineering News, Inc., $c c2000-
300       $a v.
310       $a Monthly
362  0    $a Vol. 1, no. 1 (Feb. 2000)-
500       $a QCE: 1ST LOC HAS INPUT STAMP CONTAINING A COMMA - OUTPUT AS 852 $m IN 1ST 852; OTHER LOCS IN SEPARATE $a'S (02/03).
590       $a Accompanying CD-ROM is at CF 53 (1ST 590).
590       $a LIB HAS: v. 2, no. 5 (2001)-
994       $a 01 $b QCE

Record 88
