LDR  00929cam  2200277Ii 45  
001  ocm04467087 
003  OCoLC
005  20030208154434.0
008  781027s1977    enkaf    b    001 0 eng  
010       $a    78314088 
040       $a DLC $c DLC $d CBT
015       $a GB78-05011
020       $a 0711006261
043       $a l------
099       $a 77-671
049       $a CBTr [NRLF] [folio]
100  1    $a Ransome-Wallis, P. $q (Patrick)
245  10   $a North Atlantic panorama, 1900-1976 / $c P. Ransome-Wallis.
260       $a London : $b I. Allan, $c 1977.
300       $a 192 p., [4] p. of plates : $b ill. (some col.) ; $c 30 cm.
500       $a CBT: 049 $a HAS 2 BRACKETED STAMPS WITH A BLANK BETWEEN THE TWO - OUTPUT AS A SINGLE 852 $m (03/03).
500       $a Includes index.
650   0   $a Ocean liners $x History $y 20th century.
650   0   $a Passenger ships $x History $y 20th century.
651   0   $a Atlantic Ocean $x Navigation $x History $y 20th century.
994       $a 01 $b CBT

Record 89
