LDR  01738cas  2200469 a 450
001  ocm01162440 
003  OCoLC
005  20040211131823.0
008  750206c19659999enkar1   r    0   a0eng d
010       $a    48003250  $z sc 79003102 
040       $a UDI $c UDI $d BTI $d NSD $d DLC $d NST $d RCS $d OCL $d DLC $d IUL $d HUL $d NST $d OCL $d NST $d DLC $d AGL $d SYS $d GUA $d HUL $d WAU $d CUH
016  7    $a M34940000 $2 DNLM
022       $a 0076-8502
042       $a nsdp $a lc
043       $a aw----- $a ff-----
060  0    $a DS 49 M627
070  0    $a DS49 $b .M5
090       $a DS49 $b .M5
049       $a CUHQ,CUHR
210  0    $a Middle East North Afr.
222   4   $a The Middle East and North Africa
245  04   $a The Middle East and North Africa.
260       $a London : $b Europa Publications, $c 1964-
300       $a v. : $b ill., maps. ; $c 26 cm.
310       $a Annual
362  0    $a 11th ed. (1964-65)-
490  1    $a 2000-  : Regional surveys of the world
500       $a CUH serial: 590 begins "Lib. Has: "; remove prefix and output remainder in  $3  of 1st 852 (02/04).
590       $a Lib. Has: 38th ed. (1992),  42nd ed. (1996)-
651   0   $a Middle East $v Periodicals.
651   0   $a Middle East $v Directories.
651   0   $a Africa, North $v Periodicals.
651   0   $a Africa, North $v Directories.
710  2    $a Europa Publications Limited.
740  02   $a Who's who in the Middle East and North Africa.
780  00   $t Middle East $w (DLC)   99105068 $w (OCoLC)2473588
830   0   $a Regional surveys of the world
850       $a CSf $a DLC a DNAL $a DeU $a FU $a IC $a ICRL $a InU $a KMK $a MChB $a MH-Ed $a MH-L $a MH-ME $a MH-P $a MnU $a NNC $a NcD $a NcRS $a NjR $a TxHR $a TxLT $a ViBlbV $a ViU $a WyU
891  03   $9 853 $8 1 $a +ed. $i (year) $w a
891  40   $9 863 $8 1.1 $a 11> $i 1964/1965
936       $a 47th ed. (2001) LIC
994       $a 02 $b CUH

Record 90
