LDR  01741cas  22004691  450
001  ocm01087495 
003  OCoLC
005  20040211131826.0
008  741125c19719999enkarz        0   a0eng  
010       $a    78112271 
040       $a DLC $c UDI $d SUL $d DLC $d YUS $d OCL $d MUL $d DLC $d NSD $d DLC $d NST $d OCL $d SER $d OCL $d NST $d OCL $d NST $d OCL $d HUL $d NST $d HUL $d NST $d HUL $d CDU $d GUA $d HUL $d WAU $d NLM $d CUH
016  7    $a 0354200 $2 DNLM
016  7    $a A16710000 $2 DNLM
019       $a 274357 $a 1461379 $a 3461483 $a 3829328 $a 1712021 $a 1780743
022  0    $a 0065-3896 $y 0400-6933
042       $a lc $a nsdp
043       $a fb-----
060  00   $a DT 351 $b A258
082       $a 916.7
090       $a DT12.2 $b .A5
049       $a CUHQ,CUH5
210  0    $a Afr. south Sahara
222   0   $a Africa south of the Sahara
245  00   $a Africa South of the Sahara.
260       $a London, $b Europa Publications Ltd.
300       $a v. $b maps. $c 26 cm.
310       $a Annual
362  0    $a 1971-
490  1    $a 2000-  : Regional surveys of the world
500       $a CUH serial: 590 begins "Lib has"; remove prefix and output remainder in  $3  of 1st 852 (02/04).
520       $a Vols. for 1971-   include a section entitled "Who's who in Africa South of the Sahara."
590       $a Lib has 21st ed. (1992),  25th ed. (1996)-
651   0   $a Africa, Sub-Saharan $v Periodicals.
651   2   $a Africa, Central.
710  2    $a Europa Publications Limited.
730  02   $a Who's who in Africa South of the Sahara.
830   0   $a Regional surveys of the world.
850       $a CSf $a CU-SB $a CaOOE $a CaOPAL $a DLC $a FU $a LU $a MCM $a MH-CI $a MH-L $a MH-P $a MH-PA $a NN $a NcRS $a OrU $a TxArU $a TxHR $a ViBlbV $a ViU
891  20   $9 853 $8 1 $a +ed. $i (year) $w a
891  41   $9 863 $8 1.1 $a <15> $i <1986>
936       $a Unknown $a 1979-80 $a 2001
994       $a 02 $b CUH

Record 91
