LDR  02178cab  22004811  450
001  ocm01239901 
003  OCoLC
005  20040211131833.0
008  750326c19289999nyuzr         0   a0eng  
010       $a    28005598 
040       $a DLC $c UDI $d SUL $d COO $d YUS $d DLC $d NSD $d DLC $d OCL $d SER $d DLC $d OCL $d NST $d OCL $d NST $d DLC $d NSD $d NST $d HUL $d IUL $d SYS $d NLM $d IUL $d CUH
016  7    $a 03330190R $2 DNLM
016  7    $a A25950000 $2 DNLM
019       $a 642371 $a 740575 $a 1480930 $a 9781981
022       $a 0066-0922
042       $a lc
043       $a n-us---
060  00   $a L 901 $b A512a
082       $a 378.73/05
090       $a LA226 $b .A65
049       $a CUHQ
222   0   $a American universities and colleges
245  00   $a American universities and colleges.
260       $a New York [etc.] $b Walter de Gruyter [etc.]
300       $a v. $c 23-35 cm.
310       $a Quadrennial
362  0    $a [1st]-   ; 1928-
500       $a CUH serial: 590 begins "Lib. has"; remove prefix and output remainder in 852  $3  (02/04).
500       $a CUH serial with biblvl = 'b'; output  (02/04).
500       $a Editors: 1928, D. A. Robertson.--1932, J. H. MacCracken.--1936-40, C. S. Marsh.--1948-   A. J. Brumbaugh.
550       $a Issued by the American Council on Education.
580       $a Vols. for 1940-1971 have companion vol.: American junior colleges, ISSN 0065-9029; issue for 1984 has companion vol.: American community, technical, and junior colleges; issues for 1995-    have companion vol.: American community colleges.
590       $a Lib. has 1997 (15th ed.).
650   0   $a Universities and colleges $z United States $v Directories.
650   0   $a Education $z United States $v Directories.
710  2    $a American Council on Education.
787  1    $t American junior colleges $x 0065-9029 $w (DLC)  40033685 $w (OCoLC)1480208
787  1    $t American community, technical, and junior colleges $x 0749-2650 $w (DLC)   92659067 $w (OCoLC)11111453
787  1    $t American community colleges $x 1079-7599 $w (DLC)   95664195 $w (OCoLC)31509579
850       $a CSf $a CU-RivA $a CU-RivP $a CtY-L $a DLC $a DNGA $a MChB $a MH-Ed $a MH-L $a MH-SD $a MnU $a NBC $a NN $a NhU $a OrU $a WM
891  23   $9 853 $8 1 $a +ed. $i (year) $w x
891  40   $9 863 $8 1.1 $a <+16>- $i <2001>
994       $a 02 $b CUH

Record 92
