LDR  01381cas  2200373   450
001  ocm01643569 
003  OCoLC
005  20040211131838.0
008  750921c18999999nju x         0   a1eng d
010       $z sn 83007027  $z    01031760 
040       $a MUL $c MUL $d YUS $d NSD $d MQM $d OCL $d MUL $d NSD $d OCL $d NSD $d OCL $d DLC $d NSD $d OCL $d OCLCQ $d CUH
019       $a 1600410 $a 621043 $a 3676488
022       $a 0076-6526 $z 0076-6534
082       $a 615.02
090       $a RC55 $b .M4
096       $a WB 100 M54
049       $a CUHR
222   4   $a The Merck manual of diagnosis and therapy
245  04   $a The Merck manual of diagnosis and therapy.
247  10   $a Merck's manual of the materia medica $g (varies slightly). $f 1899-1940
260       $a Rahway, N.J., $b Merck, Sharp & Dohme Research Laboratories [etc.]
300       $c 18 cm.
362  0    $a [1st]- ed.; 1899-
500       $a CUH serial: 590 begins "LIBRARY HAS"; remove prefix and output remainder in 850  $3  for 1st loc code (02/04).
550       $a Issued 1899- by Merck and Company; <1972-> by Merck, Sharp & Dohme Research Laboratories, a division of Merck & Co., inc.
590       $a LIBRARY HAS 14th ed.(1982)-17th ed.(1999)-
650   0   $a Diagnosis.
650   0   $a Therapeutics.
650   0   $a Medicine $v Handbooks, manuals, etc.
650   2   $a Diagnosis.
650   2   $a Drug Therapy.
710  2    $a Merck & Co.
710  2    $a Merck Sharp & Dohme.
994       $a 02 $b CUH

Record 93
