LDR  01141cas  2200265Ia 450
001  ocm07377690 
003  OCoLC
005  20040211131844.0
008  810430d19531969cau x        s0    1eng d
040       $a CSA $c CSA $d OCL $d CUH
090       $a KFC10 $b .B8
049       $a CUHQ
110  1    $a California. $b Legislature. $b Joint Legislative Budget Committee. $b Legislative Analyst.
245  10   $a California interim legislative committees and reports.
247  10   $a Chronological list of California legislative interim committees and their reports $f 1937/53
247  10   $a California interim legislative committees and reports $f 1953/1955
260       $a Sacramento, Calif. : $b The Legislature, $c 1937/53-1967/69.
300       $a v. ; $c 23 cm.
362  0    $a 1937/53-1967/69.
500       $a CUH serial: 590 begins Library lacks; output entire field in 852  $3  (02/04).
590       $a Library lacks 1955/65-1967/69
610  10   $a California. $b Legislature $x Committees.
650   0   $a Legislation $z California $x Indexes.
785  00   $a California. Legislature. Joint Legos;atove Budget Committee. Legislative Analyst. $t California legislative committees and reports
994       $a 02 $b CUH

Record 94
