LDR  01607cai  2200385 a 450
001  ocm49050276 
003  OCoLC
005  20060717180440.0
006  m        a f      
007  cr anu
008  020220c19uu9999dcuar  sss   f0    0eng d
010       $a   2004230162
040       $a BKL $c BKL $d OCLCQ $d GPO $d OCLCQ $d OCL $d CUH
037       $b Paper version available from: Bureau of Justice Statistics Clearinghouse, Box 179, Annapolis Junction, MD 20701-0179
042       $a lcd
043       $a n-us---
086  0    $a J 29.20:
049       $a CUHw
130  0    $a Compendium of federal justice statistics (Online)
245  10   $a Compendium of federal justice statistics $h [electronic resource] / $c U.S. Department of Justice, Office of Justice Programs, Bureau of Justice Statistics.
260       $a [Washington, D.C.] : $b Bureau of Justice Statistics
310       $a Annual
500       $a OCLC PE: INTEGRATING RESOURCE - TYPE = 'a', BIBLVL = 'i'; OUTPUT AS SERIAL, DO NOT OUTPUT ERROR (07/06).
500       $a Latest issue consulted: 2001.
516  8    $a PDF, ASCII, and Spreadsheet formats.
530       $a Also issued in print.
538       $a System requirements: Zip software to access Zip files (Spreadsheet format only).
580       $a Some issues also available as part of CD-ROM: Federal justice statistics program (CD-ROM).
650   0   $a Judicial statistics $z United States.
650   0   $a Criminal statistics $z United States.
710  1    $a United States. $b Bureau of Justice Statistics.
856  40   $u http://purl.access.gpo.gov/GPO/LPS2430
945       $a STATS FEDS://MN//ED//
949       $a *recs-b;ov-+;
994       $a 02 $b CUH

